2092 3490
483 351 523 385 33
1118 347 1254 381 GESTA

483 440 567 490 2⁴4
837 440 964 485 Tunc
988 425 1233 484 causarum
1255 436 1498 501 utriusque

772 513 992 562 exaudito
1017 512 1273 560 certamine

766 590 900 656 jubet
924 588 1138 639 Urbanus
1162 588 1316 645 facere

766 666 995 733 judicium
1018 664 1257 714 canonice.

480 748 531 797 2⁴
545 748 575 796 2
837 743 929 792 Sed
951 742 1202 792 Galcherus
1226 758 1286 791 ne
1308 741 1482 791 tradito

770 820 851 868 fiat
871 818 1150 881 abjudicatio

771 897 917 946 exivit
939 895 999 945 de
1023 895 1217 944 concilio

768 973 890 1021 facto
915 971 1126 1021 nondum
1143 970 1337 1037 judicio.

477 1054 530 1101 24
545 1054 572 1099 3
833 1050 907 1099 Sic
931 1066 1056 1114 papa
1078 1065 1165 1114 per
1180 1047 1408 1114 judicium

768 1126 1099 1192 quorumdam,
1128 1142 1222 1173 non
1246 1141 1334 1189 per
1358 1124 1586 1183 omnium,

764 1207 1022 1254 Manassem
1047 1219 1191 1267 super
1216 1202 1491 1252 Galcherum

765 1281 967 1330 restituit
990 1286 1042 1329 ut
1067 1280 1309 1346 electum1.

473 1429 622 1467 celui-ci
642 1428 745 1466 avait
771 1428 919 1476 trompe
945 1439 1005 1466 ses
1029 1428 1314 1466 consecrateurs
1339 1437 1388 1464 en
1412 1426 1636 1475 produisant
1658 1427 1705 1465 de
1731 1427 1877 1465 fausses

471 1488 601 1526 lettres
621 1488 672 1525 du
691 1498 800 1536 pape.

519 1548 552 1584 ¹1.
580 1546 856 1595 Rapprochons
875 1546 922 1584 de
941 1557 985 1584 ce
1009 1546 1104 1584 recit
1128 1545 1332 1594 passionne
1359 1545 1458 1583 celui
1486 1545 1536 1582 du
1556 1546 1659 1584 Gesta
1677 1546 1872 1590 Lamberti,

469 1611 507 1644 et
526 1610 676 1644 surtout
694 1606 793 1643 celui
812 1605 902 1642 d'un
922 1610 1028 1643 autre
1047 1605 1218 1654 partisan
1231 1605 1278 1643 de
1292 1605 1482 1653 Gaucher,
1504 1605 1571 1654 qui
1589 1604 1719 1643 l'avait
1730 1615 1874 1643 accom-

469 1668 591 1714 pagn&
617 1665 640 1702 ὲ
667 1665 881 1714 clermont,
915 1665 1149 1703 c'est-a-dire
1178 1665 1225 1702 de
1253 1665 1415 1702 l'auteur
1442 1665 1488 1702 de
1515 1665 1553 1702 la
1579 1664 1799 1714 Chronique
1826 1664 1874 1703 de

470 1724 747 1762 Saint-Andre.
770 1724 824 1761 Le
843 1725 1009 1772 premier
1027 1724 1083 1762 dit
1102 1724 1368 1772 simplement:
1389 1726 1577 1771 Depositus
1595 1728 1646 1761 est
1664 1726 1718 1761 ibi
1728 1726 1874 1772 judicio

469 1786 618 1822 concilii
650 1784 891 1822 Gualcherius
923 1784 1192 1821 Cameracensis
1225 1787 1407 1831 episcopus
1444 1785 1490 1820 ab
1527 1786 1630 1821 omni
1658 1786 1874 1822 sacerdotali

467 1847 575 1889 atque
594 1845 789 1890 episcopali
807 1844 944 1889 officim·
973 1848 1006 1880 et
1030 1846 1064 1880 si
1088 1846 1247 1880 ulterius
1266 1845 1424 1890 quolibet
1442 1845 1546 1880 modo
1564 1845 1680 1880 sedem
1699 1844 1873 1881 Gamera-

466 1914 604 1940 censem
636 1906 843 1948 occuparet,
874 1905 1022 1939 vinculo
1055 1904 1304 1940 anathematis
1331 1907 1407 1940 tam
1426 1904 1501 1949 ipse
1519 1914 1632 1949 quam
1651 1904 1812 1949 fautores
1839 1907 1874 1940 et

464 1963 649 2008 adjutores
677 1963 739 1997 sui
763 1963 947 1998 innodati.
976 1963 1159 1999 Manasses
1184 1966 1309 1999 autem
1335 1966 1482 1999 sanctae
1502 1963 1684 2000 Remensis
1708 1964 1872 2000 ecclesiae

464 2022 758 2065 archidiaconus,
782 2024 844 2057 cui
862 2023 1077 2068 praedictus
1097 2022 1340 2059 Gualcherius
1359 2024 1567 2059 electionem
1586 2026 1620 2058 et
1637 2023 1872 2068 episcopalem
1902 2034 1906 2040 ’

465 2080 735 2117 Cameracensis
755 2082 920 2116 ecclesiae
940 2081 1222 2117 benedictionem
1240 2083 1429 2127 surripuit
1442 2091 1511 2127 per
1523 2083 1751 2118 invasionem
1762 2084 1796 2118 et
1802 2091 1872 2127 per

463 2149 620 2175 manum
647 2140 801 2175 Henrici
827 2141 1135 2176 eoecommunicati
1159 2140 1415 2186 Imperatoris,
1445 2141 1676 2186 adjudicavit
1699 2143 1870 2177 sanctum

461 2200 662 2234 concilium
680 2201 723 2234 ut
741 2200 785 2234 in
799 2198 1052 2234 Cameracensi
1066 2200 1212 2234 ecclesia
1225 2199 1408 2235 Manasses
1427 2199 1669 2235 ordinaretur
1686 2201 1869 2246 episcopus

461 2256 565 2304 (Gest.
587 2257 788 2300 Lamberti,
817 2267 854 2303 p.
879 2256 973 2303 755).
1003 2256 1109 2293 Dans
1128 2255 1165 2292 la
1183 2255 1343 2294 relation
1362 2256 1413 2294 du
1433 2257 1592 2305 second,
1624 2267 1675 2294 on
1693 2262 1868 2296 retrouve

460 2326 509 2352 en
528 2315 728 2352 substance
747 2314 784 2351 la
802 2314 997 2352 narration
1017 2314 1062 2351 de
1081 2320 1190 2353 notre
1209 2326 1419 2363 anonyme,
1448 2316 1535 2352 sauf
1550 2315 1605 2353 les
1624 2316 1864 2354 accusations

459 2373 506 2411 de
525 2374 690 2412 simonie
709 2379 838 2412 contre
858 2373 1007 2411 Urhain
1027 2374 1065 2410 II
1085 2378 1123 2411 et
1147 2374 1202 2412 les
1230 2379 1357 2412 autres
1384 2375 1745 2414 invraisemhlances
1774 2376 1868 2413 dont

459 2432 610 2471 celui-ci
629 2433 678 2470 l’a
696 2433 880 2471 emaillee.
905 2435 1073 2470 Urbanus
1089 2445 1206 2480 papa,
1231 2434 1350 2481 dit-il,
1370 2446 1394 2471 a
1413 2437 1525 2472 Roma
1543 2437 1586 2472 in
1605 2435 1746 2473 Gallias
1762 2437 1865 2472 deve-

458 2494 575 2535 niens,
589 2503 689 2528 anno
701 2493 768 2529 Dei
780 2493 921 2529 Christi
942 2492 1047 2539 1095,
1065 2493 1166 2538 apud
1177 2493 1442 2529 Arvernensem
1455 2494 1595 2537 urbem,
1612 2504 1704 2540 quae
1717 2497 1769 2530 est
1780 2494 1865 2531 Ola-

457 2561 650 2594 rusmons,
686 2553 885 2588 concilium
911 2553 1132 2587 innumerae
1163 2552 1421 2587 multitudinis
1445 2554 1658 2598 aqqreqavit
1661 2580 1732 2590 .....
1764 2553 1866 2589 Tunc

457 2611 642 2646 Manasses
655 2613 756 2646 stans
775 2612 817 2646 in
838 2611 954 2646 medio
974 2612 1169 2646 clamorem
1183 2611 1268 2656 fecit
1286 2611 1328 2646 de
1344 2611 1475 2647 domno
1501 2612 1685 2648 Walchero
1698 2613 1865 2648 electioni

456 2679 544 2704 suae
564 2671 701 2715 inJuste
719 2669 1007 2712 subintroducto,
1035 2671 1279 2715 episcopatum
1296 2671 1463 2706 videlicet
1482 2669 1774 2706 Cameracensem
1791 2671 1864 2706 sibi

456 2730 646 2764 invasione
664 2729 873 2764 detestanda
892 2732 1113 2773 usurpante,
1144 2733 1178 2764 et
1195 2732 1238 2765 ut
1257 2739 1332 2764 uno
1351 2730 1455 2765 verbo
1475 2732 1552 2776 ejus
1571 2732 1672 2773 utar,
1705 2728 1863 2766 intrusit

457 2797 511 2834 se,
523 2789 663 2834 inquit,
678 2786 719 2823 in
730 2798 857 2824 meam
869 2787 1106 2824 electionem.
1124 2789 1246 2824 Finito
1260 2791 1418 2825 clamore
1431 2793 1464 2825 et
1485 2790 1664 2826 Watcheri
1676 2790 1774 2826 dicta
1787 2800 1859 2826 res-

453 2848 639 2891 ponsione,
661 2848 844 2883 admirati
854 2848 998 2894 judices
1019 2848 1165 2883 tandem
1183 2849 1298 2884 simul
1318 2850 1361 2884 in
1379 2849 1445 2884 hoc
1464 2850 1719 2886 concordantes
1731 2853 1859 2895 protu-
