2092 3490
513 335 570 369 130

538 655 597 701 52

534 961 593 1006 53

532 1268 592 1316 54

531 1579 590 1624 55

528 1887 589 1931 56

527 2195 587 2241 57

525 2502 586 2546 58

526 2810 584 2855 59

1143 333 1277 366 GESTA

798 422 1005 487 separari
1029 422 1294 488 conjugium

798 515 884 564 per
908 498 1229 548 Burchardum
1254 500 1528 566 episcopum

795 576 884 624 hoc
908 575 1082 624 factum
1107 580 1178 624 est
1201 575 1473 626 divortium.

858 653 978 701 Ante
1003 651 1134 717 cujus
1158 652 1444 716 presentiam

794 727 1066 777 dividuntur
1090 729 1150 778 ab
1177 729 1394 788 invicem,

791 804 946 870 jurant
970 822 1085 854 vero
1109 811 1389 871 perpetuam

792 898 980 931 servare
1006 883 1358 933 continentiam.

855 961 995 1009 Maria
1020 977 1134 1027 ergo
1159 961 1330 1010 femina

791 1044 838 1086 et
862 1055 955 1087 una
979 1038 1079 1104 ejus
1104 1038 1199 1086 filia

790 1121 837 1164 et
860 1116 940 1163 filii
965 1116 1198 1182 incognita

789 1193 1054 1242 didicerunt
1077 1193 1314 1258 psalteria.

854 1272 1030 1319 Horum
1060 1269 1409 1320 Werimboldus
1433 1275 1567 1334 pater
1642 1303 1644 1305 v

788 1346 891 1395 illos
913 1347 1129 1411 quamvis
1154 1347 1247 1395 sint
1266 1346 1463 1413 juvenes

789 1423 1020 1488 disposuit
1045 1424 1272 1490 sagaciter
1391 1490 1395 1493 ι

787 1517 874 1565 per
899 1501 1139 1550 cenobitas
1164 1501 1369 1551 ordines.

851 1580 942 1625 Pro
967 1578 1094 1626 victu
1119 1595 1229 1627 suae
1254 1578 1464 1644 conjugis

788 1659 835 1701 et
858 1670 948 1718 pro
973 1654 1160 1703 duobus
1183 1655 1289 1703 filiis

787 1731 846 1779 de
871 1731 967 1779 suis
992 1731 1073 1780 dat
1097 1733 1305 1797 pecuniis

786 1809 933 1857 sancti
959 1808 1171 1858 Autberti
1198 1809 1394 1857 clericis.

850 1889 941 1934 Pro
965 1886 1200 1950 tertioque
1225 1887 1320 1934 filio

786 1962 833 2011 in
859 1963 1069 2028 Sepulcri
1096 1963 1293 2012 cenobio

786 2041 1030 2106 magnifice
1055 2041 1114 2090 de
1139 2041 1336 2105 proprio

785 2117 980 2183 largitur
1004 2118 1248 2166 beneficio.

849 2198 931 2242 Est
956 2195 1113 2244 Remis
1139 2194 1440 2243 celeberrima

783 2271 1118 2320 monacharum
1142 2271 1365 2320 aecclesia

784 2347 905 2396 inter
929 2365 1046 2412 quas
1066 2366 1158 2397 una
1183 2348 1275 2396 filia

783 2424 1091 2473 Werimboldi
1115 2426 1167 2473 fit
1193 2425 1436 2473 monacha.

848 2500 1029 2549 Ibidem
1054 2501 1114 2549 ad
1138 2501 1378 2549 oraculum

781 2592 1004 2642 magnum
1027 2577 1137 2627 fecit
1162 2577 1407 2626 donarium

782 2654 983 2718 fecitque
1007 2671 1094 2719 per
1119 2655 1341 2703 idoneum

782 2731 985 2780 caritatis
1010 2732 1233 2780 officium.

847 2809 916 2857 Ibi
943 2809 1066 2857 enim
1089 2809 1168 2858 dat
1193 2810 1365 2857 talenta
