2092 3490
734 670 920 719 TABLE
952 671 1031 718 DU
1064 668 1316 719 VOLUME.

317 977 586 1017 Introduction
627 1007 1592 1016 ................
1727 991 1740 1016 ι

819 1074 957 1122 [(ΞιΕετΑ
983 1073 1237 1121 GALann1⁴.]

317 1167 463 1216 Incipit
480 1167 661 1217 prologus
680 1168 723 1204 in
741 1167 823 1205 vita
841 1167 994 1205 Galceri
1013 1167 1302 1205 Cameracensis
1321 1167 1493 1216 episcopi
1522 1197 1531 1205 .
1586 1197 1594 1205 .
1719 1169 1735 1204 1

318 1226 491 1276 Explicit
510 1227 702 1276 prologus.
726 1227 871 1276 Incipit
889 1227 970 1265 vita
990 1227 1051 1265 vel
1076 1231 1186 1265 actus
1213 1227 1394 1264 Galcheri
1414 1227 1595 1264 Camera-

440 1287 566 1325 censis
585 1287 755 1335 episcopi
762 1315 1594 1324 ..............
1720 1300 1737 1321 n

321 1343 380 1384 De
399 1346 588 1384 electione
607 1347 786 1384 Manasse
827 1373 1597 1384 .............
1719 1345 1740 1383 6

320 1405 496 1451 Qualiter
513 1405 784 1444 Atrebatensis
801 1405 988 1444 aecclesia
1007 1416 1030 1443 a
1057 1404 1326 1443 Cameracensi
1347 1404 1399 1442 sit
1417 1405 1542 1443 divisa
1561 1410 1600 1442 et

441 1466 489 1503 de
507 1466 714 1503 Lamberto
733 1465 860 1514 primo
878 1465 1051 1514 ejusdem
1070 1465 1240 1503 civitatis
1259 1464 1439 1513 episcopo
1460 1493 1475 1502 .
1525 1494 1532 1501 .
1588 1493 1596 1502 .
1697 1465 1741 1501 13

319 1524 379 1563 De
400 1525 588 1564 electione
602 1525 756 1563 Galceri
761 1552 1596 1563 ..............
1698 1525 1742 1561 15

320 1585 380 1623 De
399 1586 686 1624 consecratione
706 1585 905 1623 Lamberti
925 1584 1212 1623 Attrebatensis
1230 1584 1404 1633 episcopi
1456 1613 1465 1622 .
1520 1614 1528 1621 .
1587 1613 1596 1623 .
1697 1584 1741 1622 19

321 1645 380 1682 De
398 1645 524 1683 reditu
543 1645 694 1683 Galceri
719 1645 768 1682 ab
786 1644 1031 1693 imperatoris
1057 1644 1163 1682 curia
1204 1671 1594 1681 .......
1695 1644 1742 1682 20

321 1705 383 1742 Dc
399 1704 630 1742 adversariis
648 1705 732 1754 ejus
761 1731 1596 1742 ..............
1701 1719 1740 1740 ι»

321 1763 382 1802 De
400 1764 689 1802 consecratione
709 1763 861 1802 Gralceri
881 1768 920 1801 et
944 1764 990 1801 de
1015 1764 1244 1813 expulsione
1264 1764 1444 1801 Manasse·
1462 1763 1597 1802 adver-

442 1822 534 1860 sarii
565 1822 648 1871 ejus
699 1852 1598 1862 ...............
1697 1823 1742 1861 27

324 1881 500 1926 Qualiter
518 1881 703 1919 Galcerus
719 1893 742 1919 a
756 1894 854 1932 papa
875 1883 1033 1921 Urbano
1047 1883 1099 1920 sit
1116 1882 1313 1932 depositus
1328 1887 1366 1920 et
1378 1894 1600 1920 excommu-

445 1941 599 1979 nicatus
617 1946 656 1979 et
674 1941 874 1980 Manasses
895 1942 937 1979 in
957 1943 1040 1980 loco
1060 1942 1144 1990 ejus
1164 1942 1394 1991 subrogatus
1413 1942 1473 1980 vel
1494 1942 1601 1980 resti-

445 2005 554 2038 tutus
570 2030 579 2038 .
638 2029 1597 2040 ................
1697 2001 1743 2040 32

323 2059 382 2098 De
400 2065 526 2097 morte
545 2060 752 2109 Raginaldi
773 2061 979 2099 Remensis
999 2061 1281 2110 archiepiscopi
1333 2090 1597 2099 .....
1696 2062 1741 2099 43

324 2120 384 2158 De
402 2119 493 2169 fuga
511 2120 739 2157 clericorum
758 2120 1094 2158 Cameracensium
1147 2150 1155 2158 .
1210 2149 1219 2159 .
1275 2150 1283 2157 .
1337 2145 1347 2157 .
1401 2150 1409 2158 .
1465 2150 1473 2159 .
1527 2150 1536 2159 .
1590 2150 1598 2158 .
1697 2121 1743 2159 47

324 2178 500 2224 Qualiter
518 2178 811 2217 Cameracenses
831 2178 1354 2217 Galcherum'refutaverunt
1399 2209 1407 2215 .
1464 2209 1471 2216 .
1526 2181 1546 2216 .’
1590 2209 1597 2216 .
1698 2178 1743 2216 55

325 2238 384 2276 De
399 2238 634 2287 profectione
654 2238 835 2276 Galcheri
854 2238 902 2276 ad
922 2239 1196 2287 imperatorem
1210 2267 1598 2277 .......
1699 2238 1744 2276 56

325 2298 384 2335 De
403 2297 495 2348 fuga
514 2298 691 2335 Manasse
711 2303 750 2335 et
768 2298 984 2346 receptione
1005 2298 1185 2336 Galcheri
1215 2298 1317 2335 infra
1336 2298 1471 2335 urbem
1525 2328 1533 2336 .
1589 2328 1596 2334 .
1698 2298 1742 2335 58

325 2356 437 2402 Quod
475 2357 668 2395 Robertus
702 2368 832 2396 comes
870 2356 1119 2395 Flandrensis
1157 2357 1452 2396 Cameracenses
1489 2357 1600 2395 valde

446 2416 589 2453 afflixit
640 2445 1598 2455 ................
1698 2417 1742 2454 59

327 2475 387 2512 De
405 2486 588 2513 succursu
609 2475 852 2524 imperatoris
892 2505 1598 2515 ............
1698 2477 1743 2514 64

327 2535 386 2572 De
403 2535 571 2572 adventu
592 2535 834 2584 imperatoris
855 2536 896 2572 in
916 2536 1017 2574 hanc
1036 2541 1177 2574 terram
1211 2565 1598 2574 .......
1698 2535 1742 2574 67

326 2594 386 2632 De
405 2606 577 2644 regressu
598 2595 843 2644 imperatoris
862 2595 909 2632 ad
930 2596 1084 2644 propria
1142 2622 1597 2633 ........
1698 2596 1742 2634 69

328 2654 386 2692 De
406 2655 537 2692 treviis
555 2666 578 2692 a
597 2655 738 2693 comite
758 2655 908 2693 civibus
928 2656 1029 2693 datis
1082 2684 1599 2694 .........
1699 2656 1745 2692 70

373 2814 403 2847 1.
424 2815 477 2847 On
498 2822 535 2847 se
554 2813 747 2857 rappellera
766 2821 835 2856 que
852 2814 906 2847 les
925 2813 1027 2847 titres
1047 2823 1115 2857 que
1141 2824 1229 2847 nous
1252 2823 1441 2857 marquons
1465 2816 1563 2847 entre
1583 2813 1744 2848 crochets

331 2876 373 2900 ne
393 2875 432 2899 se
452 2869 616 2901 trouvent
635 2877 697 2909 pas
717 2867 804 2900 dans
823 2867 856 2901 le
874 2868 1080 2901 manuscrit.
