2092 3490
0 299 17 419 ἐ
819 347 1045 381 olumnam.
1603 355 1640 389 71

0 419 17 574 ξ
229 437 324 488 408
586 435 916 485 tantummodo
941 437 981 486 si
1006 438 1260 488 terminum

10 523 14 527 ’
521 518 741 578 expectat
765 513 814 562 in
839 531 935 579 quo
960 515 1215 565 Henricum

521 606 684 656 regem
707 590 860 639 facere
884 591 1091 642 reditum

520 668 596 718 hic
619 669 680 718 ad
705 685 794 718 nos
818 674 889 718 est
914 670 1177 735 pollicitum
1205 689 1216 720 :

228 747 323 797 409
588 753 636 796 et
660 748 751 796 hoc
775 747 864 796 sibi
886 749 1147 799 concedere

523 830 731 890 querunt
753 825 813 875 ab
839 826 946 892 ipso
971 827 1144 878 comite

521 908 576 953 ut
599 903 736 953 liceat
760 921 869 953 cum
894 921 1072 965 cesare,

521 981 561 1030 si
585 981 726 1040 redit,
756 999 866 1032 eum
890 982 1068 1033 ledere.

227 1057 281 1107 Μ
295 1060 323 1106 0
586 1058 679 1108 Sed
702 1059 936 1108 terminus
958 1060 999 1109 si
1025 1066 1232 1127 transeat

520 1143 616 1200 quo
642 1152 728 1185 rex
753 1136 856 1202 ipse
881 1153 977 1186 non
1001 1138 1178 1198 veniat,

523 1230 637 1263 mox
661 1214 832 1264 urbem
855 1215 977 1264 hanc
998 1216 1196 1282 recipiat

520 1297 662 1357 atque
687 1297 908 1357 potenter
932 1299 1108 1343 teneat.

0 1420 13 1445 Ι,
229 1369 314 1419 411
589 1369 636 1419 Si
660 1370 791 1419 venit
816 1376 864 1420 et
889 1372 1159 1438 regreditur

0 1450 9 1511 ξ·
525 1453 572 1497 et
596 1448 706 1497 urbi
730 1465 829 1498 non
853 1449 1115 1515 imponitur

524 1542 776 1575 succursus
801 1526 861 1576 de
885 1527 1112 1578 militibus

524 1604 607 1670 qui
632 1604 803 1653 fortior
828 1605 889 1654 sit
913 1606 1112 1665 civibus,

229 1679 326 1732 4⁴2
588 1681 760 1730 urbem
783 1687 832 1730 et
855 1682 986 1748 ipsos
1011 1680 1184 1734 milites

523 1759 713 1809 tradent
740 1759 829 1808 sibi
854 1761 1133 1827 precipites¹

526 1843 574 1886 et
597 1842 710 1902 post
733 1837 821 1887 hec
845 1838 934 1887 sibi
956 1839 1121 1889 fideles

526 1921 667 1965 erunt
690 1921 743 1964 ut
768 1916 839 1965 sui
864 1915 1098 1966 homines.

231 1993 284 2042 M
298 1996 326 2042 3
592 1993 795 2053 Quesitis
820 2010 980 2043 comes
1004 1996 1167 2045 annuit

526 2079 574 2121 et
597 2072 778 2121 trevias
798 2073 1027 2138 imposuit

527 2166 679 2215 usque
705 2149 766 2199 ad
791 2150 946 2199 natale
969 2151 1053 2200 Dei

525 2227 767 2294 genitricis
791 2227 839 2276 in
865 2229 1169 2294 septembri2.

233 2305 330 2355 4⁴4
593 2305 664 2355 Ob
687 2305 776 2355 hec
801 2306 1083 2372 complenda
1107 2308 1265 2356 omnia

527 2383 635 2432 hinc
659 2384 781 2433 facta
805 2389 879 2433 est
903 2384 1070 2434 fidutia

527 2461 749 2526 utrinque
772 2462 868 2512 fide
892 2462 1066 2511 tradita

528 2539 575 2587 in
600 2539 786 2589 comitis
809 2541 1066 2605 presentia.

288 2743 320 2779 1.
344 2744 552 2789 precipites.
577 2741 630 2779 Ils
650 2741 703 2779 lui
724 2742 948 2781 livreraient
966 2745 1122 2780 aussitdt
1141 2744 1178 2780 la
1197 2743 1286 2780 ville
1309 2750 1347 2779 et
1372 2743 1426 2779 les
1447 2742 1656 2780 chevaliers

239 2802 306 2850 qui
327 2813 351 2850 y
369 2802 545 2839 auraient
564 2801 624 2839 ete
644 2802 719 2839 mis
740 2813 788 2839 en
807 2803 1003 2851 garnison.

287 2867 322 2904 2.
350 2866 599 2905 C’est-a-dire
616 2868 794 2917 jusqu’au
815 2870 836 2905 8
857 2868 1071 2916 septembre
1092 2868 1138 2905 de
1158 2873 1256 2905 cette
1276 2867 1399 2905 annee
1422 2868 1524 2905 1102.
