2092 3490
484 360 540 394 188

481 530 573 575 403

480 833 572 882 404

476 1144 567 1189 405

472 1452 564 1498 406

469 1760 562 1806 407

466 2070 556 2114 408

462 2375 553 2420 409

462 2682 552 2728 ΜΟ

1104 362 1240 395 GESTA

770 450 851 498 sed
878 467 1029 514 neque
1053 451 1183 514 pacis
1207 453 1391 517 gaudia,

835 527 1091 576 commovit
1115 534 1278 578 contra
1302 531 1538 595 presulem

769 603 1030 654 Gerardum
1054 604 1208 653 virum
1232 606 1436 656 nobilem

768 680 899 745 cujus
923 680 1271 730 insaturabilem

767 773 909 821 supra
933 756 1031 805 dixi
1054 759 1328 822 nequitiam.

833 833 965 882 Illum
993 835 1118 901 cogit
1141 842 1188 884 et
1214 837 1436 896 stimulat,

765 911 1040 959 exhortatur
1065 919 1110 961 et
1135 913 1336 978 imperat

765 994 817 1037 ut
842 993 1004 1036 contra
1029 990 1152 1038 hunc
1176 1007 1227 1038 se
1251 991 1399 1057 erigat

764 1065 840 1113 cui
862 1064 1007 1114 fidem
1025 1066 1282 1131 juraverat.

829 1144 1029 1206 Serpens
1053 1143 1202 1192 fomes
1227 1145 1491 1209 superbiae,

763 1218 1063 1267 succendium
1089 1220 1307 1280 malitiae,

763 1296 1022 1345 Gerardum
1046 1296 1156 1345 fecit
1180 1314 1374 1364 surgere

760 1379 922 1422 contra
946 1374 1100 1422 virum
1119 1375 1352 1440 justiciae.

824 1450 1040 1501 Justiciae
1063 1451 1219 1501 virum
1244 1452 1349 1502 dico

758 1533 855 1575 tam
881 1543 1026 1591 opere
1050 1544 1192 1591 quam
1217 1530 1386 1578 merito

758 1603 837 1667 qui
864 1604 993 1668 pacis
1016 1609 1117 1652 erat
1139 1606 1315 1654 sanctio

757 1687 804 1730 et
827 1681 1061 1730 latronum
1088 1682 1316 1732 confusio.

822 1762 1047 1807 Latrones
1072 1760 1197 1807 enim
1221 1760 1387 1809 oderat

758 1841 898 1900 atque
923 1836 1019 1900 pati
1045 1853 1139 1884 non
1165 1843 1349 1902 poterat

758 1919 807 1962 ut
832 1913 880 1962 in
906 1930 989 1962 sua
1015 1914 1224 1963 custodia

755 1991 925 2039 fierent
948 1990 1204 2040 latrocinia.

819 2070 884 2117 De
910 2068 1102 2117 Gerardi
1128 2069 1298 2118 familia

754 2150 854 2194 erat
879 2145 1113 2194 latronum
1137 2146 1271 2211 copia

752 2221 799 2270 in
824 2222 910 2270 hac
934 2238 1218 2272 conversans
1243 2224 1410 2288 patria,

751 2297 810 2346 ad
836 2314 975 2346 omne
1001 2299 1176 2347 malum
1201 2300 1378 2348 sedula.

815 2375 900 2433 Qui
926 2381 1121 2439 repente
1145 2376 1395 2440 prosiliunt

750 2468 894 2516 super
918 2452 1153 2516 quendam
1179 2453 1480 2503 Godefridum

750 2529 897 2577 sancti
921 2530 1166 2578 Humberti
1192 2531 1417 2580 famulum

750 2606 1011 2654 venientem
1039 2608 1356 2656 Cameracum.

815 2683 1096 2731 Consodales
1120 2689 1218 2732 tres
1243 2685 1432 2733 fuerunt

748 2759 830 2824 qui
855 2765 967 2808 tunc
989 2759 1191 2808 insidiati
1217 2768 1326 2809 sunt

749 2837 808 2884 illi
836 2837 986 2886 donec
1011 2837 1252 2886 inveniunt
