2092 3490
502 336 558 368 128

528 576 589 624 40

524 882 575 929 44

519 1265 580 1314 42

512 1576 573 1624 43

510 1883 572 1931 44

476 2189 510 2227 le
535 2190 580 2227 20
605 2189 836 2238 septembre,
864 2190 1018 2227 ailleurs
1047 2191 1081 2228 le
1111 2193 1164 2227 12¹·
1183 2202 1230 2227 ou
1256 2190 1291 2228 le
1317 2191 1339 2227 2
1366 2190 1571 2228 novembre
1597 2190 1659 2237 (V.
1686 2191 1763 2227 Act.
1795 2191 1876 2234 SS„

475 2253 502 2285 t.
528 2248 582 2284 VI
602 2248 722 2296 Sept.,
743 2259 780 2295 p.
809 2249 903 2294 114).
939 2248 999 2284 On
1025 2248 1231 2296 comprend
1258 2249 1465 2296 aisement,
1490 2248 1512 2284 a
1538 2248 1574 2285 la
1598 2247 1740 2285 lecture
1764 2247 1812 2285 de
1836 2259 1879 2286 sa

474 2306 651 2356 poetique
672 2307 830 2355 legende
850 2308 968 2354 (ibid,
991 2318 1028 2355 p.
1053 2307 1118 2345 123
1141 2308 1251 2356 sqq.)‚
1273 2307 1366 2355 qu'il
1384 2308 1439 2344 ait
1463 2307 1522 2344 ete
1547 2307 1704 2355 regarde
1730 2318 1878 2345 comme

474 2367 509 2403 le
529 2371 663 2414 patron
683 2366 749 2403 des
769 2366 930 2403 familles
950 2367 1076 2404 riches
1096 2371 1133 2404 et
1151 2367 1316 2414 pieuses.
1339 2367 1393 2404 Le
1413 2367 1592 2404 souvenir
1611 2367 1658 2405 de
1676 2367 1821 2404 Zachee
1840 2372 1879 2404 et

473 2424 520 2462 de
534 2423 720 2462 Corneille
737 2436 777 2462 se
795 2424 1002 2472 presentait
1021 2425 1124 2462 aussi
1150 2425 1222 2463 fort
1248 2424 1544 2463 naturellement
1571 2426 1666 2463 dans
1693 2437 1746 2463 un
1772 2425 1877 2473 eloge

1135 334 1267 367 GESTA

790 422 908 470 sicut
930 422 1159 470 Zacheum
1183 422 1347 471 alium¹

788 498 906 546 vidit
930 503 978 546 et
1002 503 1054 546 ut
1078 498 1387 547 Cornelium2.

852 579 953 624 Jam
979 590 1164 623 sacrum
1188 574 1359 623 flamen
1383 575 1570 639 proficit

786 651 913 715 quod
939 651 1136 715 inspirat
1161 667 1303 715 quem
1328 651 1476 717 diligit
1507 671 1516 699 :

784 745 892 776 nam
917 735 1115 793 uterque
1136 728 1235 793 jam
1260 728 1460 793 despicit

783 805 1006 870 quioquid
1032 805 1221 854 mundi3
1248 805 1431 854 vanitas
1455 805 1665 855 contulit.

848 883 884 931 Ο
908 898 994 929 vos
1019 898 1183 930 omnes
1208 881 1526 940 Christicolae,

781 959 918 1024 hujus
943 958 1032 1006 viri
1058 964 1105 1006 et
1129 958 1327 1006 feminae

778 1035 983 1084 inaudita
1008 1035 1232 1099 percipite
1264 1053 1272 1083 :

779 1129 887 1160 nam
913 1112 972 1160 de
997 1112 1070 1159 his
1096 1112 1175 1176 qui
1201 1116 1311 1160 sunt
1332 1111 1470 1160 hodie

778 1206 871 1238 non
896 1205 1092 1253 possum
1116 1206 1235 1253 equa
1261 1188 1433 1237 dicere.

842 1266 1025 1315 Timore
1050 1282 1253 1330 namque
1278 1255 1456 1313 nimios

775 1344 983 1392 exterriti
1011 1348 1119 1392 sunt
1143 1343 1191 1391 hi
1216 1342 1311 1391 duo

776 1421 835 1469 de
861 1421 935 1469 die
958 1421 1150 1485 quidem
1174 1420 1337 1468 ultimo

773 1498 1024 1562 futuroque
1045 1497 1237 1563 judicio.

837 1579 895 1625 Ut
920 1575 1148 1640 sequitur,
1171 1575 1270 1639 jam
1295 1575 1498 1640 cogitant

770 1658 822 1701 ut
847 1653 1003 1701 seculo
1028 1652 1294 1701 renuntient

770 1734 817 1777 et
842 1746 901 1778 ex
925 1734 1037 1777 voto
1057 1727 1156 1794 jam
1179 1733 1441 1794 properant

770 1813 821 1856 ut
845 1808 892 1856 in
917 1807 1093 1856 mundo
1119 1807 1183 1856 nil
1208 1807 1426 1855 habeant.

834 1883 1074 1932 Exhortati
1102 1900 1188 1949 per
1212 1883 1414 1948 plurima

770 1961 1028 2025 scripturae
1052 1960 1371 2026 predicamina

768 2054 856 2102 pro
882 2037 1050 2087 Christi
1077 2038 1306 2086 amicitia⁵

474 2486 523 2521 du
543 2485 619 2522 hon
638 2495 753 2532 usage
774 2484 840 2522 des
859 2484 1061 2522 richesses.

520 2544 553 2581 1.
582 2544 713 2592 Comp.
735 2546 820 2582 Luc.
843 2544 959 2580 XIX.

518 2604 552 2640 2.
582 2603 712 2651 Comp.
740 2606 819 2641 Act.
842 2604 895 2651 X,
917 2604 952 2651 2,
974 2606 1010 2642 4.

518 2663 552 2699 3.
582 2663 633 2700 Ce
652 2667 732 2700 mot
751 2662 899 2700 trouble
919 2662 954 2700 le
975 2663 1096 2700 metre
1115 2667 1152 2700 et
1173 2662 1196 2699 il
1217 2662 1315 2700 n'est
1333 2674 1400 2711 pas
1420 2663 1633 2701 necessaire
1652 2673 1700 2700 au
1722 2674 1821 2700 sens.
1843 2662 1875 2699 ΙΙ

470 2726 528 2758 est
548 2722 688 2770 permis
708 2722 754 2759 de
774 2722 894 2759 croire
914 2721 1007 2769 qu'il
1026 2733 1049 2759 a
1068 2721 1126 2758 ete
1148 2722 1271 2770 ajoute
1291 2733 1357 2770 par
1375 2734 1426 2759 un
1448 2722 1603 2770 copiste.

517 2782 549 2816 4.
582 2784 710 2818 nimio.
732 2781 839 2818 Dans
860 2780 895 2818 le
914 2792 987 2817 ms.
1009 2783 1167 2817 nimine.

519 2840 550 2876 5.
574 2840 627 2877 Le
646 2852 717 2877 ms.
740 2845 846 2889 porte
865 2842 1054 2877 amacitz'a.
