2092 3490
282 694 347 744 40

279 1004 334 1053 41

277 1316 342 1369 42

276 1628 340 1678 43

273 1940 339 1990 44

272 2253 337 2303 45

271 2563 335 2612 46

242 2844 335 2925 ’47

867 372 1050 407 NICOLAI.

545 461 846 528 ostenditque
870 479 959 529 per
982 480 1130 530 opera

544 539 654 606 quia
677 539 763 590 sibi
790 557 887 590 non
911 547 985 591 est
1010 558 1124 594 cura

543 618 603 667 de
625 619 850 685 pastorali
874 620 1044 687 gratia.
1220 680 1225 683 ,

611 699 806 746 Tem-am
830 714 965 748 suam
989 704 1038 748 et
1063 699 1307 750 castellum

544 773 634 823 sibi
658 779 789 824 tenet
813 780 872 825 ut'
891 776 1159 841 proprium,

543 851 715 901 turrim
739 869 855 901 vero
881 869 1016 904 suam
1041 853 1239 904 domum

542 929 654 979 facit
678 935 842 979 contra
867 931 1163 997 episcopum.

609 1010 716 1073 Ipse
740 1025 964 1074 nequam,
993 1009 1195 1060 infidelis

541 1091 590 1134 et
613 1086 758 1135 homo
782 1086 1092 1147 detestabiliS‚

541 1169 700 1230 captat
723 1164 854 1215 viros
880 1182 991 1215 cum
1012 1166 1177 1216 bestiis

539 1247 587 1290 et
611 1242 828 1292 redditus
852 1243 1109 1309 pontificis.

605 1320 744 1370 Modo
769 1321 929 1387 perdit
952 1322 1207 1388 episcopus

538 1398 658 1446 Novi
683 1399 868 1449 Castelli
892 1399 1110 1451 redditus

538 1475 872 1543 humiliterque
898 1478 1078 1543 patitur

537 1554 667 1619 quod
694 1571 779 1604 sua
803 1572 921 1622 gens
945 1556 1187 1623 affligitur.

604 1632 832 1683 Mirantur
857 1634 929 1683 sui
952 1635 1170 1684 homines

537 1726 684 1775 quare
709 1715 808 1760 tam
832 1711 914 1760 diu
940 1713 1140 1762 sustinet

537 1788 648 1853 quia
673 1789 914 1839 Gerardus
938 1790 1152 1856 possidet

537 1871 746 1916 castrum
772 1867 902 1932 quod
929 1868 1019 1917 sibi
1043 1869 1269 1934 pertinet.

602 1948 826 2011 Ignorant
851 1945 954 2012 ejus
979 1947 1189 1996 animum

536 2027 585 2071 et
608 2022 823 2072 divinum
848 2024 1097 2074 consilium

536 2100 617 2166 qui
642 2101 861 2151 locuntur
885 2102 1167 2153 alterutrum

536 2178 665 2244 quod
691 2196 789 2229 non
813 2179 995 2230 invadit
1016 2182 1274 2247 perfidum.

602 2259 752 2318 Quem
773 2258 936 2308 sitiunt
961 2260 1206 2324 requirere

535 2351 644 2384 cum
669 2352 840 2403 magna
863 2336 1138 2387 fortitudine

536 2417 585 2460 et
609 2411 669 2462 de
694 2418 852 2462 castro
877 2414 1117 2480 expellere

535 2494 787 2556 terraeque
813 2508 980 2557 pacem
1006 2491 1178 2541 facere.

600 2569 790 2632 Spectat
815 2569 1019 2635 simplex
1044 2569 1298 2635 episcopus

533 2649 580 2694 et
602 2645 829 2711 quicquid
854 2647 914 2696 de
938 2647 1205 2698 redditibus

533 2727 581 2771 et
605 2722 666 2771 de
691 2723 789 2773 suis
814 2724 1086 2776 hominibus

535 2800 774 2851 Gerardus
799 2803 895 2868 agit
921 2803 1114 2869 impius.

599 2878 761 2928 Credit
784 2880 910 2929 enim
936 2881 1163 2930 malitiam

1617 379 1671 415 179
