2092 3490
802 344 1030 379 GALGHERI.
1570 347 1626 380 105

212 504 366 560 Quod
397 503 826 548 cameracenses
858 503 1186 548 Galcherum
1217 504 1274 548 in
1305 504 1628 558 episcopatu

269 574 567 620 restituere
598 576 895 620 voluerunt
924 576 1051 630 post
1080 575 1312 621 mortem
1343 575 1562 621 odonis.
1586 597 1589 599 -

211 730 306 778 600
570 728 641 779 Ad
666 728 936 795 eligendum
961 729 1162 779 alterum

505 807 661 857 clerus
683 812 732 856 et
756 806 894 872 plebs
915 807 1195 873 episcopum

503 902 591 951 per
615 901 866 934 commune
891 885 1139 935 consilium

504 962 663 1013 statim
687 968 835 1029 agunt
859 963 1134 1028 capitulum.

211 1043 296 1090 60⁴
567 1040 816 1090 Reducunt
840 1040 900 1090 ad
925 1040 1205 1090 memoriam

503 1134 636 1167 suam
660 1117 852 1184 longam
875 1118 1115 1168 miseriam

503 1211 647 1260 quam
672 1195 799 1261 passi
825 1195 907 1245 diu
929 1195 1115 1245 fuerant

502 1289 590 1339 per
613 1273 843 1322 alternam
868 1273 1174 1324 discordiam.

210 1351 306 1401 602
568 1351 704 1411 Quod
726 1352 921 1410 malum,
950 1353 1080 1417 quod
1105 1353 1356 1403 discidium

464 1435 468 1437 ‘
505 1429 600 1494 pati
623 1435 843 1479 verentes
865 1429 1057 1489 iterum,

503 1506 564 1555 ad
590 1507 869 1557 Galcherum
894 1507 1219 1557 revocandum

502 1600 668 1633 omnes
693 1585 974 1635 confirmant
999 1586 1227 1634 animum.

141 1687 151 1704 .·
210 1664 304 1710 603
567 1665 685 1711 Nam
710 1663 801 1712 hoc
825 1664 938 1712 satis
963 1654 1283 1729 probaverant

505 1740 632 1805 quod
657 1740 819 1789 vivere
844 1758 940 1789 non
965 1747 1184 1806 poterant

503 1834 591 1882 per
615 1818 830 1867 stabilem
857 1819 1157 1868 concordiam

503 1895 656 1944 donec
680 1912 790 1944 eum
814 1899 1081 1946 restituant.

208 1971 304 2021 604
568 1975 835 2023 Revocatur
858 1975 967 2023 hine
993 1975 1265 2035 Galeherus,

502 2050 603 2115 regi
629 2050 834 2100 refertur
858 2052 1052 2101 baculus
1083 2071 1092 2100 ε

502 2143 588 2175 rex
612 2145 727 2177 vero
751 2129 878 2178 favet
903 2130 1040 2179 citius

501 2206 635 2254 factis
662 2206 987 2272 petitionibus.

208 2285 302 2331 605
567 2284 838 2336 Morabatur
862 2286 910 2335 in
936 2290 1147 2335 Tornaco

501 2361 753 2412 Galcherus
778 2362 857 2412 illo
882 2364 1089 2414 termino

499 2438 666 2488 vivens
690 2439 755 2489 ibi
780 2440 841 2490 de
866 2442 1064 2506 proprio

500 2532 609 2565 cum
631 2517 813 2567 honore
838 2525 886 2567 et
911 2519 1101 2586 gaudio.

207 2594 301 2641 606
566 2594 648 2644 Cui
673 2594 783 2645 fecit
807 2613 894 2646 rex
920 2598 1162 2664 cognitum

499 2677 551 2720 ut
576 2673 735 2722 veniat
759 2674 887 2739 apud
913 2692 1040 2735 eum,

499 2756 778 2815 recepturus
804 2753 1095 2818 presulatum

500 2827 633 2877 urbis
657 2830 1080 2880 Cameracensium.
