2092 3490
227 571 322 619 357

225 882 319 928 358

223 1193 316 1240 359

219 1504 314 1551 360

218 1814 303 1862 361

216 2125 310 2177 362

213 2437 308 2484 363

823 328 1047 364 GALGHERL

521 414 586 463 ita
610 416 739 480 quod
764 434 877 467 rura
902 420 1058 468 omnia

518 499 634 543 tunc
656 502 988 546 remanserunt
1012 515 1161 548 vacua

584 571 646 621 dc
670 578 908 624 terrarum
933 576 1193 627 cultoribus

517 655 660 714 atque
684 650 746 701 de
770 652 1065 714 mulieribuS,

517 727 578 776 de
603 729 755 793 equis,
784 730 958 791 vaccis,
987 732 1174 793 ovibus,

516 804 663 854 immo
687 806 748 856 de
773 806 912 858 bonis
937 810 1175 860 omnibus.

581 884 707 933 Fecit
730 885 861 935 viros
886 891 933 936 et
959 887 1172 949 feminas,

515 966 614 1010 tam
636 962 844 1027 pupillos
870 981 1014 1028 quam
1038 966 1224 1028 viduas,

513 1039 783 1089 mendicare
807 1058 896 1106 per
921 1044 1164 1108 proximas

514 1115 680 1165 urbes¹
708 1123 757 1166 et
781 1136 870 1184 per
894 1126 1160 1172 extraneas.

579 1195 654 1244 Sic
678 1196 869 1247 ruribus
894 1198 1137 1265 dissipatis

513 1273 779 1339 fugatisque
804 1275 1022 1342 agricolis

512 1355 566 1399 ut
590 1350 679 1400 ista
703 1351 821 1402 urbs
846 1353 1080 1404 continuis

512 1435 810 1493 premeretur
833 1432 1078 1498 angustiis,

577 1506 786 1556 firmavit
810 1524 970 1559 comes
995 1510 1228 1576 oppidum

510 1584 638 1648 apud
663 1584 823 1635 villam
846 1589 1169 1638 Marchonium

511 1661 579 1710 sic
602 1662 709 1712 urbi
735 1669 843 1713 ante
869 1666 1079 1730 positum

510 1739 641 1804 quod
667 1740 756 1790 sibi
780 1742 903 1790 tollit
927 1743 1125 1803 exitum,

574 1817 790 1883 tollitque
814 1819 930 1868 foris
956 1822 1114 1871 omnia

508 1893 779 1961 hujusmodi
804 1899 1004 1958 venalia,

508 1989 699 2037 panem,
729 1991 939 2036 carnem,
969 1977 1055 2037 sal,
1086 1995 1299 2041 nemora,

507 2049 688 2110 vinum,
716 2051 896 2102 fructus
922 2060 970 2103 et
995 2061 1170 2106 cetera.

572 2130 689 2178 Cum
715 2147 830 2197 ergo
855 2132 984 2182 cives
1009 2135 1218 2202 undique

506 2205 670 2255 vident
694 2207 857 2258 hostes
882 2211 1077 2261 affluere

506 2299 594 2332 nec
618 2285 823 2350 aliquem
847 2305 1126 2340 succurrere

505 2359 566 2410 de
591 2361 893 2428 imperatoris
919 2373 1072 2432 parte,

570 2445 679 2489 ante
705 2443 985 2493 Galcherum
1010 2448 1250 2511 presulem

504 2523 678 2583 negant
703 2520 836 2570 urbis
862 2523 1126 2573 custodiam

503 2593 590 2644 nisi
618 2598 864 2662 perquirat
887 2601 1093 2666 aliquem

503 2671 584 2736 qui
610 2679 740 2723 retro
766 2676 898 2743 fuget
923 2679 1164 2728 comitem.

257 2841 291 2879 1.
318 2843 438 2881 urbes.
460 2843 566 2882 Dans
586 2844 622 2883 le
642 2857 713 2885 ms.
734 2849 940 2888 au-dessus
961 2851 1007 2889 de
1027 2851 1064 2890 la
1083 2852 1200 2901 ligne.

1603 339 1643 373 63
