2092 3490
491 361 531 395 70
1119 353 1252 387 GESTA

780 462 888 495 cum
911 444 1132 492 meritum
1156 443 1433 491 sanctissimi

781 520 1022 587 Gaugerici
1047 519 1331 568 confessoris

780 600 882 647 illos
907 599 966 646 ab
990 596 1110 646 urbe
1135 596 1342 661 reppulit
1371 615 1380 644 z

488 679 583 726 403
844 674 922 738 qui
949 673 1058 721 fecit
1082 673 1171 720 hoc
1195 671 1471 720 miraculum

779 750 907 814 quod
932 750 1084 798 nullus
1109 749 1251 797 instat
1276 748 1464 807 civium,

777 827 860 875 sed
885 826 1143 874 eorundem
1168 825 1373 874 hostium

775 905 893 952 alter
917 903 1098 968 refugat
1123 903 1366 951 alterum¹.

487 982 582 1030 404
842 980 1035 1039 Quando
1057 979 1184 1028 cives
1209 979 1296 1027 hec
1318 979 1425 1027 talia

778 1057 903 1106 evasi
931 1062 1039 1105 sunt
1063 1056 1286 1121 pericula,

778 1139 939 1183 sancto
964 1133 1231 1198 rependunt
1255 1132 1429 1198 gratias

777 1211 857 1275 qui
881 1210 947 1259 sic
972 1226 1054 1258 eos
1079 1210 1358 1258 salvaverat.

668 1369 749 1411 'De
775 1366 971 1411 treviis
997 1377 1033 1410 a.
1066 1366 1263 1410 comite
1293 1365 1508 1410 civibus
1537 1365 1699 1410 datis.

484 1507 579 1555 405
840 1507 975 1556 Cives
999 1506 1190 1555 tandem
1214 1506 1427 1554 exterriti

774 1584 861 1631 hac
884 1582 1070 1631 fortuna
1093 1582 1305 1631 horribili

773 1666 821 1708 et
845 1665 1017 1708 eventu
1042 1659 1235 1724 periculi

774 1737 964 1786 mittunt
987 1738 1167 1802 legatos
1192 1737 1350 1785 comiti

483 1816 576 1864 406
838 1815 919 1878 qui
941 1808 1143 1878 querant
1166 1820 1214 1863 et
1236 1814 1536 1863 concordiam

773 1897 820 1940 et
845 1892 1019 1940 trevias
1044 1898 1092 1940 et
1117 1892 1317 1957 gratiam

773 1974 820 2018 et
843 1986 932 2034 per
956 1969 1099 2017 fidem
1123 1969 1337 2018 fidutiam

773 2046 894 2094 inter
918 2062 1001 2094 eos
1025 2051 1073 2094 et
1097 2046 1335 2095 comitem.

481 2123 574 2171 407
835 2127 964 2171 Hanc
986 2123 1110 2172 enim
1135 2124 1301 2172 urbem
1327 2124 1516 2172 tradere

769 2200 994 2248 mandant
1018 2200 1118 2265 ejus
1142 2201 1377 2264 potentiae

770 2283 817 2325 et
842 2293 923 2325 eos
947 2277 1219 2325 fidelissime

768 2353 895 2401 viros
920 2353 1070 2418 suo[s]
1100 2354 1317 2411 existere,

523 2494 556 2529 1.
585 2493 617 2529 Il
641 2497 700 2531 est
727 2494 867 2541 permis
896 2494 942 2531 de
970 2494 1091 2531 croire
1118 2505 1193 2542 que
1220 2498 1317 2531 cette
1346 2494 1500 2531 retraite
1528 2493 1586 2530 fut
1613 2493 1880 2541 parfaitement

476 2551 684 2589 volontaire
704 2552 751 2589 de
770 2552 806 2589 la
826 2557 910 2600 part
928 2552 980 2589 du
1000 2557 1123 2589 comte
1143 2552 1189 2589 de
1209 2552 1385 2589 Flandre.
1413 2552 1446 2588 Il
1465 2563 1488 2589 a
1507 2563 1556 2600 pu
1575 2551 1718 2589 n'avoir
1737 2551 1881 2589 d’autre

476 2610 543 2647 but
563 2610 657 2647 dans
677 2622 719 2647 sa
740 2610 1039 2648 demonstration
1056 2615 1186 2648 contre
1201 2611 1375 2648 Cambrai
1395 2622 1469 2658 que
1490 2610 1687 2659 d'effrayer
1702 2611 1757 2649 les
1778 2610 1880 2648 hahi-

474 2674 574 2705 tants
594 2675 631 2706 et
651 2669 696 2706 de
717 2669 859 2707 relever
877 2670 912 2707 le
938 2670 1058 2707 moral
1079 2670 1124 2707 de
1150 2681 1209 2706 ses
1230 2670 1404 2707 hommes
1425 2669 1606 2715 d'armes,
1634 2669 1792 2718 n'ayant
1811 2680 1878 2717 pas

474 2728 665 2765 d‘ailleurs
685 2729 750 2765 des
772 2728 889 2766 forces
910 2728 1127 2766 suffisantes
1145 2740 1240 2776 pour
1259 2729 1411 2765 enlever
1431 2734 1468 2765 et
1480 2728 1614 2776 garder
1626 2728 1662 2765 la
1679 2729 1781 2766 ville.
1803 2729 1878 2766 Les

476 2787 648 2834 strophas
667 2788 861 2825 suivantes
880 2792 1074 2825 montrent
1093 2787 1184 2835 qu’il
1211 2788 1334 2824 obtint
1360 2799 1407 2824 au
1434 2788 1560 2825 moins
1587 2787 1622 2825 le
1646 2788 1812 2835 premier
1830 2787 1878 2825 de

476 2856 537 2882 ces
558 2845 656 2883 deux
677 2846 795 2883 effets.
