2092 3490
474 374 514 409 36

476 541 566 587 ’197

474 847 565 893 498

474 1155 566 1200 ⁴99

472 1463 566 1512 200

473 1771 557 1820 204

475 2076 570 2125 202

475 2347 569 2431 203

475 2687 571 2738 204

1109 373 1244 426 ΘΕΒΤΑ

764 461 1087 526 episcopatum
1111 461 1307 509 obtinet.

828 540 944 585 Nam
969 536 1144 586 electus
1168 536 1386 585 canonice

764 618 865 662 erat
889 631 916 661 a
941 613 1068 661 clero
1093 618 1140 661 et
1164 613 1303 677 plebe

764 690 1111 740 Cameracensis
1135 690 1314 754 patriae

710 801 714 804 -
763 767 862 816 sine
888 766 1279 825 contradictione3

829 844 913 893 sed
940 861 1085 908 super
1108 860 1218 893 eum
1241 849 1432 908 ceperat

757 922 865 987 jura
889 921 1172 986 episcopalia

763 998 983 1047 Galcerus
1004 1015 1064 1046 ex
1088 997 1263 1046 invidia

763 1081 810 1123 et
835 1075 1052 1140 Symonis
1076 1076 1290 1139 pecunia.

829 1152 1074 1200 Galcerum
1098 1168 1222 1216 papa
1246 1150 1454 1199 stimulat

763 1234 814 1277 ut
838 1232 1045 1278 Manasse
1071 1228 1372 1293 respondeat,

762 1312 961 1370 uterque
985 1321 1101 1354 vero
1126 1304 1296 1353 habeat

766 1382 1013 1431 concilium
1039 1382 1168 1446 quod
1188 1381 1383 1447 judicat.

827 1459 989 1508 Presul
1014 1459 1265 1509 Galcherus
1285 1475 1516 1524 congruas

764 1536 1019 1601 postulavit
1043 1536 1264 1594 indutias,

764 1614 845 1678 qui
869 1619 923 1662 ut
946 1616 1180 1662 Manasses
1201 1618 1352 1661 taceat

765 1707 927 1739 causas
952 1690 1096 1738 refert
1121 1690 1369 1755 legitimas.

829 1770 935 1831 Ipse
958 1783 1162 1830 namque
1186 1766 1407 1815 universo

763 1848 1059 1908 representat
1085 1843 1280 1891 concilio

765 1926 812 1969 et
836 1920 1036 1985 qualiter
1059 1926 1107 1968 et
1131 1920 1369 1984 quomodo

765 1997 894 2045 venit
917 1997 966 2044 in
990 1997 1248 2061 episcopio.

830 2077 997 2122 Narrat
1021 2079 1154 2138 gesta
1177 2074 1236 2122 de
1262 2073 1478 2121 omnihus

766 2166 858 2213 que
884 2151 1058 2214 scripta
1082 2156 1190 2198 sunt
1216 2150 1449 2215 superius,

765 2227 871 2290 quis
893 2226 1065 2274 scilicet
1090 2227 1174 2274 fuit
1198 2243 1310 2275 suus

766 2310 813 2351 et
835 2306 1042 2353 Manasse
1067 2303 1305 2351 introitus.

832 2380 952 2428 Satis
975 2385 1133 2428 tamen
1156 2385 1406 2443 pernotum
1432 2384 1504 2426 est

765 2456 873 2520 quia
897 2472 992 2503 non
1015 2471 1242 2520 umquam
1267 2458 1498 2504 Manasses

766 2532 985 2581 canonice
1010 2533 1184 2580 electus
1209 2537 1296 2590 est,

766 2617 818 2658 ut
841 2609 960 2658 ordo
983 2610 1185 2674 scriptus
1209 2608 1444 2672 perhibet.
1576 2672 1579 2676 Ι

831 2691 888 2736 Et
912 2686 969 2745 si,
998 2686 1127 2750 quod
1151 2702 1318 2734 verum
1338 2702 1431 2733 non
1455 2685 1559 2743 fuit,

767 2763 1040 2811 electionem
1064 2762 1227 2811 habuit

768 2857 910 2905 quam
933 2841 979 2888 in
1005 2841 1206 2888 clamore
1232 2839 1441 2902 protulit,
