2092 3490
821 351 1050 386 GALGHERI.
1603 362 1643 395 37

521 426 775 477 Galcherus
800 428 864 478 illi
889 432 1092 480 contrait

228 502 324 553 205
587 503 749 553 dicens
778 524 788 554 ε
819 511 919 555 tota
944 508 1109 558 electio

519 580 609 630 sub
633 581 715 630 tali
739 584 795 632 fit
818 592 1100 651 argumento

521 659 651 723 quod
673 661 749 709 cui
775 661 879 711 det¹
908 663 1169 729 imperator

518 736 790 788 laudaretur
814 757 842 788 a
863 742 1060 805 populo.

226 811 323 861 206
586 818 689 865 Rex
714 816 804 865 sibi
830 817 1010 867 donum
1034 819 1236 869 fecerat2

518 896 567 940 et
589 892 726 957 plebs
750 895 905 943 omnis
928 896 1203 946 laudaverat

520 985 664 1032 quem
688 972 933 1021 Remensis
958 974 1154 1023 ecclesia

518 1063 607 1111 per
630 1049 890 1098 Romanam
914 1058 1182 1101 sacraverat
1212 1072 1221 1102 :

223 1123 321 1173 207
582 1124 665 1173 ubi
690 1129 925 1176 Manasses
949 1130 1151 1179 testibus

518 1202 755 1268 episcopis
780 1222 922 1270 quam
946 1207 1163 1272 pluribus

519 1279 606 1329 fuit
631 1284 1084 1345 excommunicatus,

519 1374 606 1414 nec
627 1358 758 1424 loqui
783 1360 928 1410 debet
951 1364 1170 1428 amplius.

224 1435 320 1484 208
584 1436 702 1485 Hinc
726 1437 981 1488 Galcherus
1005 1441 1314 1506 Raginaldum

518 1514 793 1578 pontificem
816 1517 1122 1566 Remensium

518 1596 567 1640 et
591 1591 753 1656 plures
778 1593 844 1642 ibi
865 1595 1117 1644 astantium

368 1704 370 1707 v
518 1675 657 1719 vocat
679 1670 726 1719 in
751 1672 1093 1722 testimonium.

225 1747 323 1798 209
586 1749 747 1814 Surgit
770 1751 932 1814 presul
957 1751 1242 1817 Raginaldus

519 1825 659 1891 hujus
682 1827 753 1875 rei
778 1828 1070 1878 certissimus
1101 1847 1111 1877 ε

519 1903 653 1969 cujus
676 1905 838 1954 verbis
861 1907 1111 1957 veracibus

519 1998 615 2030 non
639 1982 767 2032 favet
790 1984 1095 2049 apostolicus.

223 2057 279 2108 2⁴
293 2059 321 2106 Ο
585 2061 749 2108 Preter
772 2061 863 2110 hoc
884 2068 1118 2111 monstrat
1141 2062 1321 2112 litteras

520 2136 775 2187 Galcherus
800 2139 1098 2203 apostolicas,

519 2220 754 2264 monstrat
777 2221 824 2264 et
849 2216 998 2283 sigilla
1020 2234 1105 2267 sua
1135 2236 1145 2266 :

521 2292 739 2343 Urbanus
763 2300 906 2361 negat
930 2295 1133 2344 omniass.

276 2487 310 2525 1.
337 2488 410 2527 det.
430 2487 483 2526 Ce
502 2493 585 2527 mot
603 2494 663 2528 est
681 2492 841 2540 marque
861 2492 956 2530 dans
976 2493 1012 2531 le
1032 2505 1104 2531 ms.
1128 2494 1330 2531 au-dessus
1349 2493 1396 2530 de
1416 2492 1453 2530 la
1471 2492 1588 2540 ligne.

273 2552 309 2590 2.
337 2553 371 2591 Il
390 2558 450 2592 est
468 2557 752 2595 extremement
771 2558 1028 2607 improbable,
1055 2571 1152 2608 pour
1177 2571 1227 2597 ne
1252 2571 1319 2607 pas
1340 2559 1419 2596 dire
1441 2558 1543 2607 plus,
1574 2569 1647 2606 que

226 2611 407 2651 Gaucher
437 2614 494 2651 ait
519 2616 672 2664 produit
696 2617 837 2655 devant
861 2618 896 2656 le
923 2619 1090 2666 concile,
1119 2630 1269 2657 comme
1295 2622 1498 2664 argument
1526 2628 1574 2654 en
1605 2628 1648 2654 sa

227 2671 373 2722 savem,
394 2673 431 2711 le
448 2675 522 2712 don
541 2686 616 2724 que
634 2675 862 2725 l’empereur
882 2677 935 2715 lui
955 2679 1059 2716 avait
1078 2679 1148 2716 fait
1172 2679 1219 2716 de
1250 2678 1482 2726 l’episcopat.
1511 2676 1648 2714 G'etait

227 2736 313 2770 tout
326 2733 431 2781 juste
450 2745 493 2772 ce
512 2735 580 2783 qui
599 2735 729 2774 devait
747 2737 1063 2775 inevitahlement
1082 2738 1117 2775 le
1138 2738 1231 2775 faire
1252 2737 1497 2775 condemner.

276 2798 310 2836 3.
340 2798 397 2837 Le
414 2799 657 2848 temoignage
675 2800 861 2839 d'Urbain
881 2803 919 2839 Π
940 2807 999 2840 est
1018 2803 1261 2840 assurement
1279 2802 1364 2850 plus
1384 2800 1579 2838 recevable
1599 2799 1648 2838 ici

231 2867 307 2905 que
326 2857 428 2897 celui
447 2858 495 2896 de
515 2859 708 2908 Gauchcr,
729 2866 768 2899 et
786 2872 837 2899 on
860 2867 920 2900 est
938 2864 1075 2900 ameno
1101 2873 1170 2910 par
1198 2861 1235 2899 l'a
1258 2861 1281 2898 a
1306 2871 1546 2909 soupconner
1572 2871 1646 2909 que
