2092 3490
520 344 574 378 144

551 436 610 484 42

548 743 605 788 43

545 1045 605 1093 44

541 1358 600 1402 45

538 1664 596 1709 46

535 2201 593 2246 47

533 2509 591 2554 48

530 2817 588 2861 49

1155 340 1286 374 GESTA

776 431 1057 480 Gualcherus
1083 430 1162 477 ubi
1186 429 1246 477 sit
1270 445 1403 477 cesar
1428 429 1702 494 interrogat.

708 508 864 573 Legati
888 506 1176 570 respondent
1206 524 1215 553 :
1253 506 1443 555 Tornaci
1468 506 1657 554 habitat.

708 588 796 642 lre,
823 583 1054 632 adducere
1080 599 1166 631 rex
1190 582 1278 630 illis
1302 583 1520 647 imperat,

707 661 884 709 donum
908 659 1117 723 recipere
1143 658 1278 707 citius
1300 659 1471 707 veniat.

771 737 852 785 Cui
877 753 984 784 cum
1009 736 1211 784 afferunt
1235 752 1478 784 assensum
1503 735 1684 801 regium

705 821 752 863 et
772 814 892 863 velle
916 813 1080 879 populi
1105 814 1508 864 Cameracensium

706 893 785 956 qui
807 891 935 940 illum
959 897 1182 940 revocant
1206 891 1266 940 ad
1291 890 1599 955 episcopium,

703 985 926 1035 magnum
951 969 1038 1017 sibi
1063 974 1230 1033 putant
1254 968 1420 1016 afferre
1446 967 1686 1033 gaudium.

768 1047 826 1094 At
847 1045 921 1093 ille
945 1045 1152 1094 reddidit
1176 1045 1349 1111 gratias
1373 1046 1567 1110 populo,
1639 1064 1641 1066 ·

703 1122 784 1171 sed
810 1123 974 1187 procul
1000 1122 1187 1187 pellitur
1212 1122 1338 1187 regis
1364 1122 1605 1171 concessio

702 1216 791 1264 pro
817 1217 911 1263 quo
938 1200 1098 1264 pulsus
1123 1205 1224 1248 erat
1249 1199 1308 1247 de
1333 1199 1573 1263 pontificio

700 1277 759 1325 ad
786 1294 923 1326 suum
949 1277 1152 1326 dedecus
1175 1277 1233 1325 ab
1260 1277 1533 1341 apostolico.

765 1355 937 1403 Retulit
964 1355 1103 1404 etiam
1128 1354 1292 1420 legatis
1317 1355 1426 1402 talia
1454 1373 1462 1401 ;

700 1432 914 1495 Coqnovi‚
943 1432 1130 1490 domini,
1159 1448 1304 1480 mores
1331 1439 1374 1480 et
1399 1448 1535 1496 opera

697 1515 955 1572 vestrosque
982 1511 1154 1557 animos
1179 1516 1222 1556 et
1246 1525 1337 1573 qua
1362 1509 1553 1572 fallacia

696 1601 774 1633 vos
799 1601 867 1633 me
892 1601 1106 1649 reponere
1130 1585 1269 1633 vultis
1296 1585 1355 1633 ad
1381 1600 1536 1633 onera.

762 1662 853 1710 Pro
879 1662 1005 1710 nullo
1033 1662 1214 1721 honore,
1239 1679 1324 1726 pro
1350 1663 1476 1710 nullo
1502 1660 1722 1710 commodo

699 1739 757 1786 ad
778 1755 959 1803 puqnas
986 1746 1029 1787 et
1057 1740 1160 1787 lites
1185 1740 1337 1787 redire
1362 1740 1508 1803 cupio,

691 1832 776 1879 pro
801 1816 924 1864 vobis
948 1818 1115 1865 iterum
1139 1817 1301 1880 deponi
1325 1832 1475 1873 caveo,

696 1895 929 1956 maqistris
949 1894 1126 1957 placeo,
1159 1894 1276 1942 absit
1301 1894 1502 1957 offensio.

802 2057 883 2098 De
913 2057 950 2099 J
953 2057 1161 2099 ohanne
1194 2055 1598 2099 archidiacono.

759 2203 885 2248 Tunc
910 2201 1101 2264 quidam
1122 2201 1353 2250 Johannes
1377 2200 1746 2258 archidiaconus,

693 2275 751 2324 de
776 2277 957 2341 magnis
982 2277 1105 2324 inter
1129 2295 1215 2326 nos
1240 2283 1372 2325 ortus
1396 2276 1686 2341 parentibus,

691 2352 973 2416 quibusdam
998 2371 1161 2402 eorum
1187 2354 1580 2402 instimulantibus

691 2430 870 2478 laborat
895 2431 1149 2495 plurimum
1172 2437 1224 2479 ut
1250 2431 1308 2479 sit
1334 2431 1599 2495 episcopus.

755 2511 1000 2556 Monentur
1024 2508 1178 2556 clerici
1204 2514 1256 2556 ut
1282 2525 1389 2557 eum
1414 2508 1587 2573 eligant

690 2583 913 2648 illumque
939 2586 1175 2648 presulem
1201 2586 1288 2634 sibi
1315 2585 1572 2650 proficiant.

690 2661 852 2709 Clerici
877 2662 1088 2710 nesciunt
1111 2663 1223 2726 quid
1245 2662 1352 2710 hinc
1377 2661 1710 2726 respondeant,

689 2754 796 2785 cum
822 2738 960 2786 nimis
980 2739 1200 2803 juvenem
1226 2740 1354 2787 illum
1380 2739 1619 2803 aspiciant.

754 2815 871 2872 Quid
896 2815 984 2863 hoc
1011 2816 1239 2864 silendum
1266 2817 1366 2864 est?
1392 2816 1538 2880 patris
1565 2813 1795 2862 sollertiae
