2092 3490
276 485 327 532 Μ

274 796 335 846 12

275 1107 334 1154 13

269 1414 330 1463 14

266 1727 328 1776 45

263 2040 325 2088 16

261 2351 322 2398 17

273 2760 307 2799 1.
335 2763 479 2803 habeat.
514 2765 567 2804 Ce
595 2772 697 2816 mot,
730 2770 830 2807 omis
858 2782 926 2819 par
955 2771 991 2808 le
1019 2772 1187 2820 premier
1216 2772 1380 2820 copiste‚

834 316 1063 351 GALGHERI.

535 405 611 472 agi
633 405 693 455 de
715 406 1000 466 sanctuari0‚

599 483 686 543 Qui
711 483 830 533 adeo
853 490 963 534 sunt
985 485 1144 551 cupidi

533 578 594 610 ex
617 578 781 611 amore
804 563 1005 627 proficui

532 639 662 705 quod
687 657 781 688 non
809 641 1042 690 sufferunt
1065 642 1211 692 tribui

532 718 825 783 presulatum
846 719 1000 769 alicui.

597 795 681 845 Hic
707 795 808 845 vult
831 813 936 845 esse
961 799 1250 864 prepositus,

531 873 607 923 ille
631 873 1004 934 archidiaconuS‚

533 955 581 999 et
604 951 686 1015 qui
710 967 805 1000 non
827 957 987 1016 potest
1010 953 1178 1003 melius

530 1027 632 1076 vult
655 1045 760 1077 esse
783 1029 859 1077 vel
883 1031 1152 1081 canonicus.

595 1105 680 1154 Hic
704 1106 848 1156 istum
871 1109 975 1157 vult
998 1109 1277 1177 episcopum

529 1186 578 1231 et
601 1181 677 1231 ille
702 1183 822 1249 petit
843 1185 1004 1245 alium,

527 1276 649 1309 unus
673 1261 875 1328 quisque
896 1263 957 1313 ad
981 1264 1168 1315 libitum

526 1344 725 1404 propter
749 1357 888 1391 suum
913 1344 1199 1408 proficuum.

592 1418 766 1466 Nolunt
789 1418 965 1470 habere
989 1423 1228 1487 presulem

527 1495 790 1544 secundum
812 1497 932 1564 legis
956 1499 1176 1549 ordinem

525 1589 612 1622 neo
631 1590 721 1639 per
744 1591 980 1626 canonum
1004 1579 1217 1644 regulam

526 1667 614 1700 nec
636 1670 726 1718 per
749 1653 1015 1705 doctrinam
1039 1657 1195 1707 aliam.

590 1730 755 1783 Virum
779 1734 1148 1784 ecclesiasticum

526 1824 621 1857 non
645 1816 852 1874 querunt
877 1828 964 1861 nec
988 1813 1269 1863 catholicum

523 1902 611 1935 nec
634 1887 715 1951 qui
736 1888 974 1938 bonorum
998 1890 1241 1941 hominum

521 1963 716 2014 habeat¹
743 1967 1094 2028 testimonium3

589 2043 673 2092 sed
699 2061 843 2110 quem
867 2046 1052 2113 largum
1074 2047 1308 2113 aspiciunt

520 2136 715 2185 preesse
741 2123 830 2172 sibi
855 2125 1068 2190 cupiunt,

520 2204 602 2247 aut
625 2199 757 2249 illum
784 2218 925 2266 quem
952 2203 1059 2268 plus
1082 2203 1283 2271 diligunt

520 2275 609 2324 sibi
633 2283 878 2342 pastorem
900 2280 1097 2347 eligunt.

586 2357 644 2403 Et
668 2372 777 2404 cum
802 2357 870 2406 sic
895 2364 1036 2424 agant
1061 2359 1236 2420 clerici,

518 2448 613 2480 non
639 2439 711 2482 est
735 2435 910 2484 mirum
936 2436 975 2485 si
1000 2436 1103 2486 laici

517 2510 757 2560 voluntate
783 2513 1012 2562 consimili

517 2587 612 2636 sint
635 2588 883 2640 discordes
910 2598 958 2641 et
981 2593 1158 2658 cupidi.

225 2819 434 2861 au-dessus
453 2824 499 2863 de
519 2825 556 2864 la
575 2826 677 2875 ligne
696 2839 763 2876 par
782 2841 835 2867 un
855 2837 1082 2869 correcteur.

1415 2783 1437 2810 a
1464 2774 1525 2810 ete
1552 2772 1647 2810 ecrit
