<?xml version="1.0" encoding="UTF-8"?>
<!DOCTYPE html PUBLIC "-//W3C//DTD XHTML 1.0 Transitional//EN"
    "http://www.w3.org/TR/xhtml1/DTD/xhtml1-transitional.dtd">
<html xmlns="http://www.w3.org/1999/xhtml" xml:lang="en" lang="en">
 <head>
  <title>
</title>
<meta http-equiv="Content-Type" content="text/html;charset=utf-8" />
  <meta name='ocr-system' content='tesseract 3.04.00' />
  <meta name='ocr-capabilities' content='ocr_page ocr_carea ocr_par ocr_line ocrx_word'/>
</head>
<body>
  <div class='ocr_page' id='page_1' title='image "./gestapontificumc00cambuoft_0233.png"; bbox 0 0 2092 3490; ppageno 0'>
   <div class='ocr_carea' id='block_1_1' title="bbox 0 0 141 1763">
    <p class='ocr_par' dir='ltr' id='par_1_1' title="bbox 0 0 141 1763">
     <span class='ocr_line' id='line_1_1' title="bbox 0 0 141 1763; baseline 0 0"><span class='ocrx_word' id='word_1_1' title='bbox 0 0 141 1763; x_wconf 95' lang='lat' dir='ltr'> </span> 
     </span>
    </p>
   </div>
   <div class='ocr_carea' id='block_1_2' title="bbox 301 600 431 676">
    <p class='ocr_par' dir='ltr' id='par_1_2' title="bbox 301 600 431 676">
     <span class='ocr_line' id='line_1_2' title="bbox 301 600 431 676; baseline 0.008 -26"><span class='ocrx_word' id='word_1_2' title='bbox 301 600 431 676; x_wconf 19' lang='lat'>54·</span> 
     </span>
    </p>
   </div>
   <div class='ocr_carea' id='block_1_3' title="bbox 300 915 362 962">
    <p class='ocr_par' dir='ltr' id='par_1_3' title="bbox 300 915 362 962">
     <span class='ocr_line' id='line_1_3' title="bbox 300 915 362 962; baseline 0 0"><span class='ocrx_word' id='word_1_3' title='bbox 300 915 362 962; x_wconf 86' lang='lat'>55</span> 
     </span>
    </p>
   </div>
   <div class='ocr_carea' id='block_1_4' title="bbox 299 1228 362 1274">
    <p class='ocr_par' dir='ltr' id='par_1_4' title="bbox 299 1228 362 1274">
     <span class='ocr_line' id='line_1_4' title="bbox 299 1228 362 1274; baseline 0 0"><span class='ocrx_word' id='word_1_4' title='bbox 299 1228 362 1274; x_wconf 86' lang='lat'>56</span> 
     </span>
    </p>
   </div>
   <div class='ocr_carea' id='block_1_5' title="bbox 301 1539 363 1586">
    <p class='ocr_par' dir='ltr' id='par_1_5' title="bbox 301 1539 363 1586">
     <span class='ocr_line' id='line_1_5' title="bbox 301 1539 363 1586; baseline 0 0"><span class='ocrx_word' id='word_1_5' title='bbox 301 1539 363 1586; x_wconf 87' lang='lat'>57</span> 
     </span>
    </p>
   </div>
   <div class='ocr_carea' id='block_1_6' title="bbox 303 1850 365 1897">
    <p class='ocr_par' dir='ltr' id='par_1_6' title="bbox 303 1850 365 1897">
     <span class='ocr_line' id='line_1_6' title="bbox 303 1850 365 1897; baseline 0.016 -1"><span class='ocrx_word' id='word_1_6' title='bbox 303 1850 365 1897; x_wconf 89' lang='lat'>58</span> 
     </span>
    </p>
   </div>
   <div class='ocr_carea' id='block_1_7' title="bbox 305 2164 366 2211">
    <p class='ocr_par' dir='ltr' id='par_1_7' title="bbox 305 2164 366 2211">
     <span class='ocr_line' id='line_1_7' title="bbox 305 2164 366 2211; baseline 0.016 -1"><span class='ocrx_word' id='word_1_7' title='bbox 305 2164 366 2211; x_wconf 82' lang='lat'>59</span> 
     </span>
    </p>
   </div>
   <div class='ocr_carea' id='block_1_8' title="bbox 305 2474 366 2521">
    <p class='ocr_par' dir='ltr' id='par_1_8' title="bbox 305 2474 366 2521">
     <span class='ocr_line' id='line_1_8' title="bbox 305 2474 366 2521; baseline 0.033 -2"><span class='ocrx_word' id='word_1_8' title='bbox 305 2474 366 2521; x_wconf 79' lang='lat'>60</span> 
     </span>
    </p>
   </div>
   <div class='ocr_carea' id='block_1_9' title="bbox 881 358 1067 392">
    <p class='ocr_par' dir='ltr' id='par_1_9' title="bbox 881 358 1067 392">
     <span class='ocr_line' id='line_1_9' title="bbox 881 358 1067 392; baseline 0.011 -2"><span class='ocrx_word' id='word_1_9' title='bbox 881 358 1067 392; x_wconf 72' lang='lat' dir='ltr'><strong>NIOOLM.</strong></span> 
     </span>
    </p>
   </div>
   <div class='ocr_carea' id='block_1_10' title="bbox 558 447 1343 1283">
    <p class='ocr_par' dir='ltr' id='par_1_10' title="bbox 558 447 1343 1283">
     <span class='ocr_line' id='line_1_10' title="bbox 560 447 1156 512; baseline 0.003 -16"><span class='ocrx_word' id='word_1_10' title='bbox 560 447 776 512; x_wconf 83' lang='lat' dir='ltr'>sicutque</span> <span class='ocrx_word' id='word_1_11' title='bbox 801 447 949 498; x_wconf 87' lang='lat' dir='ltr'>David</span> <span class='ocrx_word' id='word_1_12' title='bbox 975 449 1156 499; x_wconf 82' lang='lat' dir='ltr'>Goliam</span> 
     </span>
     <span class='ocr_line' id='line_1_11' title="bbox 559 525 1143 591; baseline 0.005 -17"><span class='ocrx_word' id='word_1_13' title='bbox 559 525 687 591; x_wconf 89' lang='lat' dir='ltr'>cepit</span> <span class='ocrx_word' id='word_1_14' title='bbox 710 525 905 575; x_wconf 88' lang='lat' dir='ltr'>inermis</span> <span class='ocrx_word' id='word_1_15' title='bbox 928 526 1143 577; x_wconf 85' lang='lat' dir='ltr'>militem.</span> 
     </span>
     <span class='ocr_line' id='line_1_12' title="bbox 626 602 1343 668; baseline 0.008 -17"><span class='ocrx_word' id='word_1_16' title='bbox 626 602 697 652; x_wconf 86' lang='lat' dir='ltr'>Ad</span> <span class='ocrx_word' id='word_1_17' title='bbox 723 619 868 668; x_wconf 88' lang='lat' dir='ltr'>quem</span> <span class='ocrx_word' id='word_1_18' title='bbox 892 611 1089 655; x_wconf 84' lang='lat' dir='ltr'>currunt</span> <span class='ocrx_word' id='word_1_19' title='bbox 1113 606 1343 658; x_wconf 77' lang='lat' dir='ltr'><strong>ruricolae</strong></span> 
     </span>
     <span class='ocr_line' id='line_1_13' title="bbox 559 681 1103 733; baseline 0.007 -4"><span class='ocrx_word' id='word_1_20' title='bbox 559 681 774 730; x_wconf 85' lang='lat' dir='ltr'>volentes</span> <span class='ocrx_word' id='word_1_21' title='bbox 797 682 1063 733; x_wconf 85' lang='lat' dir='ltr'>interficere</span> <span class='ocrx_word' id='word_1_22' title='bbox 1093 702 1103 732; x_wconf 93' lang='lat'><strong>:</strong></span> 
     </span>
     <span class='ocr_line' id='line_1_14' title="bbox 560 758 1230 828; baseline 0.009 -22"><span class='ocrx_word' id='word_1_23' title='bbox 560 758 739 824; x_wconf 83' lang='lat' dir='ltr'>quippe</span> <span class='ocrx_word' id='word_1_24' title='bbox 764 776 885 824; x_wconf 91' lang='lat' dir='ltr'>quos</span> <span class='ocrx_word' id='word_1_25' title='bbox 909 760 989 810; x_wconf 91' lang='lat' dir='ltr'>illo</span> <span class='ocrx_word' id='word_1_26' title='bbox 1013 766 1230 828; x_wconf 86' lang='lat' dir='ltr'>tempore</span> 
     </span>
     <span class='ocr_line' id='line_1_15' title="bbox 560 840 1250 903; baseline 0.007 -18"><span class='ocrx_word' id='word_1_27' title='bbox 560 853 818 903; x_wconf 88' lang='lat' dir='ltr'><strong>numquam</strong></span> <span class='ocrx_word' id='word_1_28' title='bbox 842 844 1050 888; x_wconf 85' lang='lat' dir='ltr'>cessarat</span> <span class='ocrx_word' id='word_1_29' title='bbox 1074 840 1250 890; x_wconf 87' lang='lat' dir='ltr'>ledere.</span> 
     </span>
     <span class='ocr_line' id='line_1_16' title="bbox 626 915 1326 983; baseline 0.009 -20"><span class='ocrx_word' id='word_1_30' title='bbox 626 919 754 964; x_wconf 92' lang='lat' dir='ltr'>Tunc</span> <span class='ocrx_word' id='word_1_31' title='bbox 778 915 838 964; x_wconf 90' lang='lat' dir='ltr'>de</span> <span class='ocrx_word' id='word_1_32' title='bbox 862 922 1018 966; x_wconf 88' lang='lat' dir='ltr'>morte</span> <span class='ocrx_word' id='word_1_33' title='bbox 1043 919 1326 983; x_wconf 82' lang='lat' dir='ltr'>perterritus</span> 
     </span>
     <span class='ocr_line' id='line_1_17' title="bbox 558 993 1252 1058; baseline 0.009 -17"><span class='ocrx_word' id='word_1_34' title='bbox 558 1009 650 1058; x_wconf 91' lang='lat' dir='ltr'>pro</span> <span class='ocrx_word' id='word_1_35' title='bbox 674 993 967 1043; x_wconf 89' lang='lat' dir='ltr'>circumfusis</span> <span class='ocrx_word' id='word_1_36' title='bbox 991 994 1252 1054; x_wconf 76' lang='lat' dir='ltr'>hostibus¹‚</span> 
     </span>
     <span class='ocr_line' id='line_1_18' title="bbox 559 1070 1088 1122; baseline 0.008 -4"><span class='ocrx_word' id='word_1_37' title='bbox 559 1077 667 1119; x_wconf 90' lang='lat' dir='ltr'>orat</span> <span class='ocrx_word' id='word_1_38' title='bbox 690 1070 848 1120; x_wconf 87' lang='lat' dir='ltr'>flendo</span> <span class='ocrx_word' id='word_1_39' title='bbox 873 1076 926 1121; x_wconf 90' lang='lat' dir='ltr'>ut</span> <span class='ocrx_word' id='word_1_40' title='bbox 950 1071 1088 1122; x_wconf 84' lang='lat' dir='ltr'>citius</span> 
     </span>
     <span class='ocr_line' id='line_1_19' title="bbox 559 1148 1161 1217; baseline 0.007 -20"><span class='ocrx_word' id='word_1_41' title='bbox 559 1148 691 1198; x_wconf 90' lang='lat' dir='ltr'>illum</span> <span class='ocrx_word' id='word_1_42' title='bbox 715 1149 865 1198; x_wconf 83' lang='lat' dir='ltr'>salvet</span> <span class='ocrx_word' id='word_1_43' title='bbox 890 1150 1161 1217; x_wconf 87' lang='lat' dir='ltr'>episcopus.</span> 
     </span>
     <span class='ocr_line' id='line_1_20' title="bbox 625 1227 1304 1283; baseline 0.009 -8"><span class='ocrx_word' id='word_1_44' title='bbox 625 1227 787 1277; x_wconf 88' lang='lat' dir='ltr'>Presul</span> <span class='ocrx_word' id='word_1_45' title='bbox 811 1227 886 1277; x_wconf 89' lang='lat' dir='ltr'>his</span> <span class='ocrx_word' id='word_1_46' title='bbox 911 1235 1074 1283; x_wconf 85' lang='lat' dir='ltr'>motus</span> <span class='ocrx_word' id='word_1_47' title='bbox 1099 1230 1304 1281; x_wconf 84' lang='lat' dir='ltr'>lacrimis</span> 
     </span>
    </p>
   </div>
   <div class='ocr_carea' id='block_1_11' title="bbox 487 1305 1130 1379">
    <p class='ocr_par' dir='ltr' id='par_1_11' title="bbox 487 1305 1130 1379">
     <span class='ocr_line' id='line_1_21' title="bbox 487 1305 1130 1379; baseline 0.006 -26"><span class='ocrx_word' id='word_1_48' title='bbox 487 1377 489 1379; x_wconf 21' lang='grc' dir='ltr'>Ι</span> <span class='ocrx_word' id='word_1_49' title='bbox 560 1305 710 1371; x_wconf 91' lang='lat' dir='ltr'>pulsis</span> <span class='ocrx_word' id='word_1_50' title='bbox 734 1306 918 1356; x_wconf 87' lang='lat' dir='ltr'>laborat</span> <span class='ocrx_word' id='word_1_51' title='bbox 932 1308 1130 1377; x_wconf 18' lang='lat' dir='ltr'>*rusticis</span> 
     </span>
    </p>
   </div>
   <div class='ocr_carea' id='block_1_12' title="bbox 561 1383 1318 1917">
    <p class='ocr_par' dir='ltr' id='par_1_12' title="bbox 561 1383 1174 1513">
     <span class='ocr_line' id='line_1_22' title="bbox 561 1383 1174 1448; baseline 0.007 -17"><span class='ocrx_word' id='word_1_52' title='bbox 561 1383 689 1448; x_wconf 94' lang='lat' dir='ltr'>quod</span> <span class='ocrx_word' id='word_1_53' title='bbox 716 1383 790 1433; x_wconf 90' lang='lat' dir='ltr'>leo</span> <span class='ocrx_word' id='word_1_54' title='bbox 813 1384 961 1434; x_wconf 86' lang='lat' dir='ltr'>factus</span> <span class='ocrx_word' id='word_1_55' title='bbox 985 1385 1174 1436; x_wconf 87' lang='lat' dir='ltr'>humilis</span> 
     </span>
     <span class='ocr_line' id='line_1_23' title="bbox 561 1461 1168 1513; baseline 0.007 -4"><span class='ocrx_word' id='word_1_56' title='bbox 561 1466 778 1510; x_wconf 85' lang='lat' dir='ltr'>servatus</span> <span class='ocrx_word' id='word_1_57' title='bbox 804 1467 876 1510; x_wconf 85' lang='lat' dir='ltr'>est</span> <span class='ocrx_word' id='word_1_58' title='bbox 900 1461 1168 1513; x_wconf 88' lang='lat' dir='ltr'>incolumis.</span> 
     </span>
    </p>

    <p class='ocr_par' dir='ltr' id='par_1_13' title="bbox 561 1539 1172 1838">
     <span class='ocr_line' id='line_1_24' title="bbox 626 1539 1158 1591; baseline 0.006 -3"><span class='ocrx_word' id='word_1_59' title='bbox 626 1541 693 1588; x_wconf 90' lang='lat' dir='ltr'>De</span> <span class='ocrx_word' id='word_1_60' title='bbox 717 1539 907 1589; x_wconf 85' lang='lat' dir='ltr'>rusticis</span> <span class='ocrx_word' id='word_1_61' title='bbox 931 1539 1158 1591; x_wconf 88' lang='lat' dir='ltr'>liberatus</span> 
     </span>
     <span class='ocr_line' id='line_1_25' title="bbox 562 1616 1057 1682; baseline 0.008 -17"><span class='ocrx_word' id='word_1_62' title='bbox 562 1616 774 1682; x_wconf 85' lang='lat' dir='ltr'>episcopi</span> <span class='ocrx_word' id='word_1_63' title='bbox 798 1616 1057 1678; x_wconf 85' lang='lat' dir='ltr'>laboribus,</span> 
     </span>
     <span class='ocr_line' id='line_1_26' title="bbox 561 1693 1172 1747; baseline 0.008 -6"><span class='ocrx_word' id='word_1_64' title='bbox 561 1693 643 1742; x_wconf 88' lang='lat' dir='ltr'>vix</span> <span class='ocrx_word' id='word_1_65' title='bbox 669 1693 843 1743; x_wconf 86' lang='lat' dir='ltr'>civium</span> <span class='ocrx_word' id='word_1_66' title='bbox 867 1694 929 1744; x_wconf 89' lang='lat' dir='ltr'>de</span> <span class='ocrx_word' id='word_1_67' title='bbox 953 1696 1172 1747; x_wconf 90' lang='lat' dir='ltr'>manibus</span> 
     </span>
     <span class='ocr_line' id='line_1_27' title="bbox 563 1770 1067 1838; baseline 0.006 -18"><span class='ocrx_word' id='word_1_68' title='bbox 563 1771 713 1820; x_wconf 88' lang='lat' dir='ltr'>evasit</span> <span class='ocrx_word' id='word_1_69' title='bbox 736 1770 812 1820; x_wconf 87' lang='lat' dir='ltr'>ille</span> <span class='ocrx_word' id='word_1_70' title='bbox 837 1773 1067 1838; x_wconf 89' lang='lat' dir='ltr'>perfidus,</span> 
     </span>
    </p>

    <p class='ocr_par' dir='ltr' id='par_1_14' title="bbox 629 1849 1318 1917">
     <span class='ocr_line' id='line_1_28' title="bbox 629 1849 1318 1917; baseline 0.009 -20"><span class='ocrx_word' id='word_1_71' title='bbox 629 1849 826 1909; x_wconf 82' lang='lat' dir='ltr'><strong>Quando</strong></span> <span class='ocrx_word' id='word_1_72' title='bbox 851 1851 978 1900; x_wconf 89' lang='lat' dir='ltr'>enim</span> <span class='ocrx_word' id='word_1_73' title='bbox 1003 1853 1164 1917; x_wconf 81' lang='lat' dir='ltr'>presul</span> <span class='ocrx_word' id='word_1_74' title='bbox 1187 1853 1318 1903; x_wconf 90' lang='lat' dir='ltr'>illum</span> 
     </span>
    </p>
   </div>
   <div class='ocr_carea' id='block_1_13' title="bbox 509 1924 1158 1979">
    <p class='ocr_par' dir='ltr' id='par_1_15' title="bbox 509 1924 1158 1979">
     <span class='ocr_line' id='line_1_29' title="bbox 509 1924 1158 1979; baseline 0.006 -3"><span class='ocrx_word' id='word_1_75' title='bbox 509 1924 511 1926; x_wconf 69' lang='grc'><strong>’</strong></span> <span class='ocrx_word' id='word_1_76' title='bbox 563 1927 828 1977; x_wconf 86' lang='lat' dir='ltr'>adducebat</span> <span class='ocrx_word' id='word_1_77' title='bbox 852 1930 1158 1979; x_wconf 87' lang='lat' dir='ltr'>Cameracum</span> 
     </span>
    </p>
   </div>
   <div class='ocr_carea' id='block_1_14' title="bbox 562 2005 1271 2540">
    <p class='ocr_par' dir='ltr' id='par_1_16' title="bbox 562 2005 1116 2073">
     <span class='ocr_line' id='line_1_30' title="bbox 562 2005 1116 2073; baseline 0.009 -20"><span class='ocrx_word' id='word_1_78' title='bbox 562 2005 611 2054; x_wconf 91' lang='lat' dir='ltr'>in</span> <span class='ocrx_word' id='word_1_79' title='bbox 635 2005 868 2071; x_wconf 89' lang='lat' dir='ltr'>captionis</span> <span class='ocrx_word' id='word_1_80' title='bbox 891 2007 1116 2073; x_wconf 90' lang='lat' dir='ltr'>laqueum</span> 
     </span>
    </p>

    <p class='ocr_par' dir='ltr' id='par_1_17' title="bbox 563 2084 1208 2215">
     <span class='ocr_line' id='line_1_31' title="bbox 563 2084 1208 2148; baseline 0.008 -16"><span class='ocrx_word' id='word_1_81' title='bbox 563 2100 624 2133; x_wconf 87' lang='lat' dir='ltr'>ne</span> <span class='ocrx_word' id='word_1_82' title='bbox 648 2084 881 2148; x_wconf 86' lang='lat' dir='ltr'>perdendi</span> <span class='ocrx_word' id='word_1_83' title='bbox 906 2085 968 2135; x_wconf 86' lang='lat' dir='ltr'>sit</span> <span class='ocrx_word' id='word_1_84' title='bbox 992 2086 1208 2145; x_wconf 89' lang='lat' dir='ltr'>dubium,</span> 
     </span>
     <span class='ocr_line' id='line_1_32' title="bbox 629 2161 1115 2215; baseline 0.008 -5"><span class='ocrx_word' id='word_1_85' title='bbox 629 2161 758 2211; x_wconf 84' lang='lat' dir='ltr'>cives</span> <span class='ocrx_word' id='word_1_86' title='bbox 782 2163 950 2212; x_wconf 88' lang='lat' dir='ltr'>armati</span> <span class='ocrx_word' id='word_1_87' title='bbox 976 2163 1115 2215; x_wconf 86' lang='lat' dir='ltr'>citius</span> 
     </span>
    </p>

    <p class='ocr_par' dir='ltr' id='par_1_18' title="bbox 565 2239 1116 2300">
     <span class='ocr_line' id='line_1_33' title="bbox 565 2239 1116 2300; baseline 0.005 -11"><span class='ocrx_word' id='word_1_88' title='bbox 565 2245 612 2289; x_wconf 85' lang='lat' dir='ltr'>et</span> <span class='ocrx_word' id='word_1_89' title='bbox 636 2239 810 2289; x_wconf 84' lang='lat' dir='ltr'>lanceis</span> <span class='ocrx_word' id='word_1_90' title='bbox 834 2245 883 2290; x_wconf 87' lang='lat' dir='ltr'>et</span> <span class='ocrx_word' id='word_1_91' title='bbox 906 2241 1116 2300; x_wconf 86' lang='lat' dir='ltr'>ensibus,</span> 
     </span>
    </p>

    <p class='ocr_par' dir='ltr' id='par_1_19' title="bbox 565 2317 1051 2385">
     <span class='ocr_line' id='line_1_34' title="bbox 565 2317 1051 2385; baseline 0.008 -19"><span class='ocrx_word' id='word_1_92' title='bbox 565 2317 867 2368; x_wconf 87' lang='lat' dir='ltr'>contribulati</span> <span class='ocrx_word' id='word_1_93' title='bbox 891 2319 1051 2385; x_wconf 90' lang='lat' dir='ltr'>sepius</span> 
     </span>
    </p>

    <p class='ocr_par' dir='ltr' id='par_1_20' title="bbox 564 2394 1271 2540">
     <span class='ocr_line' id='line_1_35' title="bbox 564 2394 1090 2455; baseline 0.008 -12"><span class='ocrx_word' id='word_1_94' title='bbox 564 2394 761 2444; x_wconf 89' lang='lat' dir='ltr'>Gerardi</span> <span class='ocrx_word' id='word_1_95' title='bbox 785 2395 1090 2455; x_wconf 76' lang='lat' dir='ltr'>facinoribu8‚</span> 
     </span>
     <span class='ocr_line' id='line_1_36' title="bbox 629 2472 1271 2540; baseline 0.008 -20"><span class='ocrx_word' id='word_1_96' title='bbox 629 2472 881 2540; x_wconf 87' lang='lat' dir='ltr'>insurgunt</span> <span class='ocrx_word' id='word_1_97' title='bbox 905 2474 1136 2525; x_wconf 84' lang='lat' dir='ltr'>adversus</span> <span class='ocrx_word' id='word_1_98' title='bbox 1161 2492 1271 2525; x_wconf 92' lang='lat' dir='ltr'>eum</span> 
     </span>
    </p>
   </div>
   <div class='ocr_carea' id='block_1_15' title="bbox 565 2551 1368 2618">
    <p class='ocr_par' dir='ltr' id='par_1_21' title="bbox 565 2551 1368 2618">
     <span class='ocr_line' id='line_1_37' title="bbox 565 2551 1368 2618; baseline 0.006 -20"><span class='ocrx_word' id='word_1_99' title='bbox 565 2555 809 2614; x_wconf 79' lang='lat' dir='ltr'>tamquam</span> <span class='ocrx_word' id='word_1_100' title='bbox 833 2551 1066 2602; x_wconf 85' lang='lat' dir='ltr'>latronem</span> <span class='ocrx_word' id='word_1_101' title='bbox 1091 2553 1368 2618; x_wconf 88' lang='lat' dir='ltr'>pessimum,</span> 
     </span>
    </p>
   </div>
   <div class='ocr_carea' id='block_1_16' title="bbox 567 2628 1247 2758">
    <p class='ocr_par' dir='ltr' id='par_1_22' title="bbox 567 2628 1247 2758">
     <span class='ocr_line' id='line_1_38' title="bbox 567 2628 1185 2681; baseline 0.008 -5"><span class='ocrx_word' id='word_1_102' title='bbox 567 2628 822 2678; x_wconf 84' lang='lat' dir='ltr'>clamantes</span> <span class='ocrx_word' id='word_1_103' title='bbox 847 2630 936 2680; x_wconf 86' lang='lat' dir='ltr'>sibi</span> <span class='ocrx_word' id='word_1_104' title='bbox 960 2632 1185 2681; x_wconf 85' lang='lat' dir='ltr'>meritum</span> 
     </span>
     <span class='ocr_line' id='line_1_39' title="bbox 567 2705 1247 2758; baseline 0.007 -5"><span class='ocrx_word' id='word_1_105' title='bbox 567 2705 736 2754; x_wconf 88' lang='lat' dir='ltr'>mortis</span> <span class='ocrx_word' id='word_1_106' title='bbox 760 2707 947 2757; x_wconf 87' lang='lat' dir='ltr'>venisse</span> <span class='ocrx_word' id='word_1_107' title='bbox 972 2708 1247 2758; x_wconf 87' lang='lat' dir='ltr'>terminum.</span> 
     </span>
    </p>
   </div>
   <div class='ocr_carea' id='block_1_17' title="bbox 328 2889 1327 2942">
    <p class='ocr_par' dir='ltr' id='par_1_23' title="bbox 328 2889 1327 2942">
     <span class='ocr_line' id='line_1_40' title="bbox 328 2889 1327 2942; baseline 0.006 -17"><span class='ocrx_word' id='word_1_108' title='bbox 328 2890 356 2925; x_wconf 83' lang='lat' dir='ltr'>l.</span> <span class='ocrx_word' id='word_1_109' title='bbox 388 2891 564 2927; x_wconf 74' lang='lat' dir='ltr'>hostibus.</span> <span class='ocrx_word' id='word_1_110' title='bbox 589 2889 695 2928; x_wconf 87' lang='lat' dir='ltr'>Dans</span> <span class='ocrx_word' id='word_1_111' title='bbox 716 2890 750 2928; x_wconf 88' lang='lat' dir='ltr'>le</span> <span class='ocrx_word' id='word_1_112' title='bbox 770 2902 840 2928; x_wconf 89' lang='lat' dir='ltr'>ms.</span> <span class='ocrx_word' id='word_1_113' title='bbox 865 2892 1068 2931; x_wconf 80' lang='lat' dir='ltr'>au-dessus</span> <span class='ocrx_word' id='word_1_114' title='bbox 1088 2894 1134 2930; x_wconf 83' lang='lat' dir='ltr'>de</span> <span class='ocrx_word' id='word_1_115' title='bbox 1155 2894 1192 2931; x_wconf 87' lang='lat' dir='ltr'>la</span> <span class='ocrx_word' id='word_1_116' title='bbox 1211 2894 1327 2942; x_wconf 83' lang='lat' dir='ltr'>ligne.</span> 
     </span>
    </p>
   </div>
   <div class='ocr_carea' id='block_1_18' title="bbox 1627 367 1682 401">
    <p class='ocr_par' dir='ltr' id='par_1_24' title="bbox 1627 367 1682 401">
     <span class='ocr_line' id='line_1_41' title="bbox 1627 367 1682 401; baseline 0 0"><span class='ocrx_word' id='word_1_117' title='bbox 1627 367 1682 401; x_wconf 81' lang='lat'>181</span> 
     </span>
    </p>
   </div>
  </div>
 </body>
</html>
