2092 3490
471 386 532 419 214

471 628 564 675 283

469 931 563 981 284

470 1240 564 1288 285

468 1545 562 1592 286

464 1852 558 1900 287

459 2234 553 2283 288

458 2542 552 2591 289

1105 381 1241 416 GESTA

761 474 810 518 et
831 469 909 533 qui
937 474 1070 516 erant
1093 468 1187 516 fide
1212 468 1283 517 sui

762 545 973 594 infideles
993 543 1229 602 constitui,

827 622 1078 684 alloquitur
1101 620 1390 684 pontificem,

761 699 899 747 offert
924 713 1114 745 omnem
1132 696 1383 763 justiciam,

761 781 929 840 optans
954 779 1229 823 cunctorum
1254 773 1437 823 solitam

759 858 921 901 tenere
945 851 1213 900 amicitiam.

825 929 971 978 Offert
997 944 1185 992 quoque
1211 932 1416 976 castrum
1440 927 1574 976 reddi

759 1007 807 1053 in
832 1005 1046 1053 manibus
1071 1004 1298 1069 episcopi,

759 1088 945 1130 servato
965 1082 1071 1148 jure
1096 1081 1242 1130 debiti

759 1158 886 1223 quod
912 1158 1099 1207 heredis
1124 1164 1196 1206 est
1221 1158 1431 1207 Gerardi.

825 1235 956 1294 Quod
984 1235 1182 1284 offertur
1205 1252 1232 1282 a
1256 1237 1457 1299 Symone

759 1312 922 1360 nolunt
947 1311 1073 1360 cives
1099 1311 1309 1375 recipere

759 1390 846 1437 nisi
870 1389 1053 1437 favente
1077 1387 1247 1436 comite

758 1466 831 1515 cui
856 1465 999 1514 fidem
1018 1465 1254 1530 juravere.

822 1545 902 1590 Est
927 1541 1015 1589 ista
1038 1557 1117 1589 res
1140 1540 1366 1590 mirabilis

757 1618 805 1665 in
829 1618 928 1666 hoc>
943 1618 1070 1682 quod
1095 1618 1239 1666 fidem
1263 1618 1446 1666 comitis

755 1695 982 1759 optabant
1008 1711 1197 1744 servare
1223 1695 1373 1760 magis

755 1788 899 1837 quam
922 1772 1124 1837 presulis
1149 1777 1196 1820 et
1219 1772 1451 1836 Symonis.

820 1848 981 1898 Omnis
1005 1855 1132 1898 terra
1158 1849 1416 1898 admiratur

755 1926 884 1990 quod
910 1931 1045 1974 vetus
1070 1926 1188 1975 fides
1212 1925 1399 1975 labitur.

753 2018 874 2051 nova
898 2019 1013 2051 vero
1038 2003 1251 2068 erigitur,

751 2080 836 2128 sed
860 2080 934 2129 cui
956 2081 1105 2145 magis
1131 2080 1339 2129 creditur

750 2162 878 2204 stans
904 2156 1043 2205 hodie
1067 2173 1173 2205 cras
1197 2156 1445 2222 frangitur.

813 2233 985 2284 Videns
1009 2236 1183 2298 Symon
1208 2239 1370 2281 cautus
1394 2233 1527 2281 miles

749 2309 877 2373 quod
902 2309 992 2357 viri
1017 2312 1373 2359 Cameracenses

748 2386 898 2434 effecti
925 2392 1034 2435 sunt
1058 2386 1130 2435 sui
1153 2387 1314 2435 hostes

747 2467 794 2510 et
818 2462 866 2510 in
891 2462 1018 2511 nullo
1042 2468 1143 2512 tuta
1167 2463 1304 2519 fides,

815 2545 966 2588 castra
993 2557 1076 2588 sua
1101 2540 1250 2605 magis
1275 2540 1449 2598 firmat,

747 2617 869 2665 levat
891 2633 1053 2666 muros
1077 2622 1124 2665 et
1149 2617 1373 2665 reformat

747 2711 932 2758 queque
956 2695 1117 2751 fracta,
1147 2710 1332 2758 queque
1354 2694 1484 2758 lapsa

746 2771 950 2820 restituit
973 2776 1019 2819 et
1043 2771 1278 2820 emendat.
