2092 3490
493 369 554 403 218

493 691 586 739 3⁴2

491 998 581 1043 313

487 1302 579 1351 314

484 1612 576 1658 315

482 1920 574 1965 316

479 2227 572 2273 317

478 2534 569 2580 318

1126 351 1261 400 cusu

781 456 1062 506 maledicunt
1086 460 1134 503 et
1158 455 1249 504 diei

781 549 876 598 quo
901 531 1092 580 intravit
1114 536 1162 580 et
1185 532 1394 581 ascendit

780 610 839 658 ad
864 609 1047 658 culmen
1072 608 1314 672 episcopii.

845 686 927 736 Cui
951 686 999 733 in
1024 685 1299 734 necessitate

779 781 873 813 non
898 768 1121 812 verentur
1144 762 1393 819 ostendere

780 841 888 906 quia
910 845 1072 888 contra
1097 856 1205 888 eum
1230 839 1366 889 valde

777 917 881 966 irati
905 923 1013 966 sunt
1034 934 1122 981 pro
1147 919 1367 982 Symone,

842 1011 899 1043 eo
925 994 1052 1058 quod
1078 994 1272 1043 dederat
1297 994 1339 1042 ei

774 1072 1046 1120 firmitatem
1070 1071 1379 1129 Sanctoberti,

777 1148 836 1197 de
861 1165 955 1213 quo
978 1148 1258 1196 estimabant
1282 1148 1370 1196 sibi

775 1225 965 1274 evenire
989 1224 1129 1273 nichil
1154 1225 1283 1273 boni.

839 1306 897 1351 Et
921 1302 1073 1350 stultis
1095 1301 1374 1350 maledicere

774 1396 868 1428 non
890 1379 1060 1428 sufficit
1085 1379 1144 1427 de
1170 1379 1372 1444 presule,

775 1456 858 1505 sed
883 1456 1120 1504 minantur
1144 1456 1397 1521 deponere,

771 1534 934 1599 fugare
958 1538 1038 1581 aut
1062 1532 1291 1581 occidere.

836 1613 1093 1673 Tamquam
1118 1625 1282 1658 omnes
1303 1610 1396 1658 sint
1419 1610 1566 1658 insani

770 1688 989 1735 locuntur
1013 1686 1072 1734 dc
1096 1686 1199 1751 lege
1224 1686 1323 1743 Dei,

770 1764 830 1813 de
854 1763 1032 1812 honore
1059 1763 1287 1828 episcopi,

770 1841 830 1890 de
854 1846 976 1889 statu
1002 1840 1072 1889 sui
1098 1840 1275 1888 domini

834 1934 929 1966 non
952 1917 1073 1966 sicut
1096 1917 1196 1982 ejus
1219 1917 1431 1966 homines

769 1995 1007 2043 christiani
1031 2000 1079 2043 et
1103 1994 1284 2052 fideles,

769 2071 852 2121 sed
878 2072 997 2120 sicut
1021 2071 1169 2136 aperti
1194 2071 1369 2128 hostes,

768 2154 994 2213 quantum
1018 2148 1192 2197 audent
1215 2153 1550 2213 repugnantes.

832 2225 1050 2273 Seniores
1075 2225 1311 2274 Cameraci

766 2302 1150 2366 potentioresque
1174 2301 1282 2358 viri,

767 2378 847 2443 qui
872 2379 1102 2427 sufferunt
1125 2378 1437 2442 blasphemari

768 2472 936 2504 nomen
962 2455 1033 2503 sui
1057 2454 1266 2519 episcopi

831 2537 878 2579 et
901 2531 1151 2579 emendare
1176 2530 1415 2595 negligunt

767 2607 852 2656 sed
875 2608 1031 2656 rident
1054 2607 1243 2671 quando
1267 2607 1476 2664 audiunt,

766 2684 1008 2732 intendere
1032 2685 1122 2732 hoc
1146 2683 1321 2732 faciunt

766 2761 893 2824 quod
919 2761 1155 2825 presulem
1181 2776 1274 2807 non
1301 2759 1514 2824 diligunt.
