2092 3490
465 344 525 378 228

466 665 560 714 372

466 975 557 1020 373

463 1280 556 1328 374

463 1591 556 1636 375

462 1899 554 1944 376

463 2206 554 2252 377

461 2514 553 2560 378

461 2822 552 2867 379

1106 331 1240 371 ΕΕΒΤᾸ

664 438 665 443 ’
757 429 884 494 quod
909 426 1172 476 commissis
1195 425 1482 491 pauperibus

759 505 920 571 nequit
945 521 1048 553 esse
1072 503 1329 552 advocatus

752 584 857 650 jure
883 582 954 631 sui
979 581 1264 639 dominatus,

820 660 927 709 huic
951 659 1088 708 datus
1113 658 1402 723 contemptui

755 738 990 787 civitatem
1017 735 1254 786 Cameraci

754 820 903 864 totam
925 814 972 862 in
997 814 1152 863 banno
1177 813 1335 878 posuit

754 892 1029 942 auctoritate
1054 891 1254 949 Domini,

821 970 1006 1018 favente
1031 967 1349 1033 archipresule

754 1053 895 1112 atque
920 1047 1127 1095 bannum
1153 1046 1476 1102 confirmante,

754 1130 950 1189 excepta
976 1113 1305 1180 confessione,

753 1201 940 1259 viatico,
971 1201 1270 1266 baptismate.

820 1278 1063 1327 Canonicis
1088 1283 1135 1326 et
1159 1275 1399 1325 monachis

753 1357 909 1404 laudat
935 1355 1091 1404 divina
1117 1355 1217 1403 fieri

754 1432 904 1497 portis
929 1432 1098 1481 clausis
1122 1449 1212 1497 pro
1237 1431 1363 1480 laicis

753 1509 1090 1573 silentibusque
1116 1509 1318 1557 classicis
1348 1526 1357 1556 :

816 1587 999 1635 familiis
1025 1586 1302 1635 clericorum

752 1669 807 1713 et'
822 1663 1214 1712 cubiculariorum

753 1746 800 1788 et
825 1739 1066 1789 conversis
1092 1739 1151 1788 ad
1177 1739 1426 1788 Dominum

751 1818 944 1883 plenum
970 1818 1114 1866 donat
1139 1817 1435 1881 obsequium.

817 1895 1038 1943 Similiter
1061 1894 1108 1942 in
1134 1894 1313 1943 Haunio

751 1973 805 2020 fit
828 1972 986 2021 divina
1010 1972 1219 2021 defensio

750 2049 854 2114 pari
880 2049 1071 2114 quidem
1099 2049 1310 2106 consilio,

751 2127 854 2191 pari
880 2144 1067 2191 quoque
1093 2127 1364 2185 constituto,

817 2221 908 2268 pro
935 2204 1106 2252 comite
1130 2204 1437 2253 Montensium

752 2280 832 2345 qui
859 2281 1062 2346 fregerat
1088 2281 1435 2337 Sambucetum,

751 2358 959 2423 episcopi
978 2358 1056 2423 jus
1081 2358 1330 2422 proprium

752 2435 933 2499 sibique
959 2434 1319 2490 successorium,

817 2512 897 2576 qui
923 2512 1123 2560 rusticos
1148 2516 1389 2560 taxaverat

751 2589 871 2638 sicut
894 2589 995 2654 ipse
1020 2589 1127 2654 plus
1152 2594 1339 2653 poterat

751 2672 890 2730 atque
916 2666 992 2714 die
1017 2666 1232 2714 festinata

751 2744 1019 2807 persolvere
1045 2748 1279 2809 coegerat.

816 2824 926 2869 Post
950 2822 1035 2869 hec
1059 2820 1249 2869 mandat
1274 2820 1530 2869 imbannita
