2092 3490
481 369 540 403 202
1109 368 1241 401 GESTA

772 456 982 522 ejusdem
1007 457 1157 504 noctis
1181 462 1396 521 tempore

770 533 990 582 mandato
1016 549 1123 581 cum
1146 534 1368 597 pontifice

770 615 941 675 nepote
967 609 1075 659 suo1
1103 612 1307 676 Symone

479 692 573 740 203
836 692 975 751 atque
1000 687 1161 751 paucis
1185 689 1454 738 convocatis

767 765 826 814 de
850 764 1118 813 hominibus
1139 765 1358 829 presulis,

768 841 1036 890 obtulerunt
1060 842 1267 906 pontifici

769 918 1126 968 Sanctobertum
1148 919 1360 968 exhiberi
1391 939 1400 969 ε

478 997 573 1047 204
832 996 1046 1061 pactione
1070 1001 1227 1045 tamen
1251 997 1331 1046 tali

697 1129 702 1133 ,
767 1074 805 1122 si
830 1090 1005 1138 pueros
1030 1074 1290 1123 reddiderit

766 1154 813 1199 et
838 1150 1014 1200 amicos
1038 1151 1142 1200 illos
1168 1151 1257 1200 sibi

767 1243 1050 1291 componere
1074 1227 1292 1276 voluerit.

476 1306 570 1354 205
831 1304 903 1353 Ad
927 1304 1016 1353 hoc
1041 1320 1158 1370 ergo
1182 1305 1505 1371 peragendum

764 1381 851 1430 fuit
875 1381 1020 1430 breve
1045 1382 1290 1431 consilium

765 1458 874 1522 quia
898 1458 989 1507 diei
1014 1458 1287 1523 proximum

758 1535 856 1601 jam
880 1535 1105 1584 videbant
1128 1537 1475 1601 crepusculum.

473 1615 568 1663 206
828 1615 971 1661 Favet
996 1614 1154 1661 statim
1178 1614 1431 1679 episcopus

763 1689 895 1738 factis
920 1690 1243 1755 petitionibus,

760 1766 917 1815 reddit
942 1767 1142 1816 infantes
1166 1766 1399 1832 patribus,

761 1843 963 1908 receptis
988 1844 1129 1893 castri
1155 1844 1382 1893 clavibus.

470 1922 565 1970 207
827 1921 960 1980 Quod
985 1922 1146 1985 presul
1171 1922 1219 1969 in
1241 1937 1382 1970 manu
1407 1937 1491 1970 sua

761 2003 860 2046 tuta
884 2004 1048 2046 tenens
1073 1998 1260 2057 fiducia,

761 2075 983 2123 familiam
1009 2076 1074 2124 ibi
1097 2076 1220 2125 locat

762 2169 881 2216 quae
908 2152 1148 2201 castellum
1173 2153 1407 2202 custodiat

472 2230 566 2280 208
828 2231 867 2279 A
891 2228 1078 2278 rusticis
1103 2230 1158 2278 fit
1181 2235 1346 2295 postea

763 2306 974 2371 pontifici
1002 2307 1231 2355 securitas

521 2453 552 2489 1.
582 2452 829 2490 C'est-a-dire
846 2464 913 2490 son
932 2457 1061 2490 cousin
1079 2456 1250 2499 yermain
1271 2467 1281 2490 :
1303 2463 1366 2490 car
1386 2453 1421 2491 le
1440 2454 1528 2501 pere
1548 2453 1595 2491 de
1614 2453 1766 2491 Nicolas
1786 2453 1878 2491 etait

471 2512 507 2549 le
521 2511 618 2548 frere
631 2511 677 2548 de
690 2511 727 2549 la
738 2512 843 2549 mere
858 2512 903 2548 de
915 2511 1051 2549 Simon
1066 2514 1199 2560 (comp.
1221 2511 1308 2559 plus
1322 2513 1418 2549 haut
1432 2523 1468 2559 p.
1485 2512 1568 2560 117,
1583 2523 1621 2549 n.
1638 2512 1674 2560 2,
1689 2517 1728 2549 et
1739 2524 1776 2560 p.
1794 2512 1875 2558 176,

471 2582 510 2607 n.
540 2571 589 2619 2),
615 2582 763 2609 comme
792 2571 827 2608 le
853 2571 909 2608 dit
936 2571 1039 2608 aussi
1066 2571 1351 2619 expressement
1373 2571 1553 2608 Lambert
1578 2571 1624 2609 de
1649 2571 1843 2609 Watrelos
1865 2582 1874 2608 ε
1921 2588 1923 2590 ·

471 2632 599 2667 presul
625 2634 725 2668 enim
753 2633 845 2667 cives
869 2642 952 2668 suos
977 2633 1145 2677 cupiebat
1170 2632 1296 2668 sedare
1321 2635 1355 2668 et
1373 2632 1579 2676 Simonem,
1607 2636 1728 2678 utpote
1752 2642 1876 2668 rmum

471 2701 605 2726 Auri-An
627 2701 732 2738 SUAE,
752 2701 797 2727 ex
818 2690 892 2728 fide
907 2690 1040 2738 juvare
1061 2691 1110 2738 (p.
1134 2690 1228 2738 514).
1261 2689 1322 2727 On
1349 2691 1422 2727 sait
1445 2690 1498 2728 du
1523 2694 1622 2728 reste
1648 2702 1722 2739 que
1741 2690 1777 2727 le
1795 2695 1876 2728 mot

472 2760 581 2795 nepos
600 2749 700 2787 avait
725 2749 962 2799 quelquefois
981 2754 1079 2787 cette
1100 2749 1358 2797 signification
1379 2749 1474 2787 dans
1495 2750 1531 2787 le
1550 2749 1644 2787 latin
1664 2750 1714 2787 du
1735 2761 1874 2798 moyen

470 2808 540 2855 age
571 2807 704 2855 (comp.
738 2808 800 2845 Du
829 2808 973 2856 Gange,
1004 2810 1232 2846 Glossarium
1261 2810 1401 2845 mediae
1433 2812 1465 2845 et
1484 2810 1636 2854 infimae
1657 2810 1869 2849 latinitatis,

473 2865 533 2902 ed.
555 2865 762 2913 Henschel,
783 2870 810 2903 t.
833 2866 900 2913 IV,
922 2878 959 2915 p.
983 2866 1065 2913 6520,
1087 2865 1156 2903 col.
1180 2866 1229 2913 2).
