2092 3490
455 341 511 374 186
1082 341 1219 383 cusu

741 428 1017 493 perungitur
1041 428 1261 477 unctione

740 505 829 554 olei
855 504 1050 552 leticiae.

483 586 542 631 89
804 582 890 640 Qui
911 582 1078 630 melius
1101 587 1149 630 et
1172 582 1335 631 melius

741 658 912 708 sanctis
936 658 1193 707 ascendens
1217 659 1458 725 gradibus,
1526 672 1527 675 ’

739 736 908 784 divinis
933 735 1247 787 sanctionibus

738 814 964 862 formatus
989 818 1061 862 est
1085 813 1352 878 episcopus.

480 894 540 938 90
803 890 885 941 Cui
909 906 1103 939 reverso
1125 890 1429 955 postmodum

737 967 796 1016 ad
822 967 941 1016 hanc
966 967 1134 1016 urbem
1160 970 1460 1018 Cameracum

737 1047 1093 1094 Cameracenses
1118 1045 1341 1110 gaudium

734 1122 1059 1171 concelebrant
1083 1122 1375 1172 alterutrum.

477 1203 528 1248 9⁴
799 1199 925 1248 Fecit
949 1200 1107 1264 presul
1131 1206 1424 1249 sacrosancta

734 1276 913 1340 primae
934 1275 1103 1324 missae
1128 1276 1403 1341 sollempnia

732 1354 780 1401 in
804 1358 940 1401 nocte
966 1353 1270 1402 celeberrima

733 1430 903 1479 Christi
929 1430 1093 1479 natalis
1116 1431 1327 1495 propria.

474 1510 535 1557 92
797 1507 957 1557 Clerus
980 1523 1096 1556 vero
1121 1513 1168 1556 et
1191 1508 1394 1572 populus

724 1583 943 1648 jocundis
967 1589 1081 1632 eunt
1106 1584 1326 1633 cordibus

729 1661 928 1710 osculari
953 1678 1120 1710 manus
1143 1661 1243 1727 ejus

729 1739 851 1788 datis
875 1738 1206 1787 oblationibus.

471 1818 531 1862 93
793 1818 900 1864 Mox
925 1815 1095 1864 Christi
1119 1815 1326 1864 natalitio

728 1893 994 1941 exultanter
1017 1893 1246 1957 preterito

642 2021 645 2023 s
726 1970 810 2018 ivit
834 1970 995 2034 presul
1020 1970 1067 2018 in
1091 1970 1359 2019 Brabantho

729 2064 815 2096 suo
839 2047 886 2095 in
912 2047 1196 2112 episcopio1.

470 2124 531 2172 94
794 2124 928 2173 Illum
952 2123 1280 2184 archidiaconi,

726 2201 921 2250 abbates
945 2207 1084 2265 atque
1109 2202 1281 2259 clerici,

726 2279 912 2342 utrique
936 2279 1212 2327 nobilissimi

727 2360 823 2403 tam
848 2355 1017 2404 milites
1042 2372 1184 2419 quam
1206 2356 1366 2404 rustici

469 2436 530 2481 95
791 2432 1137 2497 congaudentes
1161 2432 1411 2497 recipiunt,

727 2515 1011 2558 venerantur
1036 2515 1083 2557 et
1108 2510 1304 2575 diligunt

439 2663 472 2700 le
491 2664 609 2700 douze
629 2663 695 2700 des
721 2662 896 2700 calendas
921 2663 968 2700 de
991 2662 1142 2711 janvier
1160 2662 1306 2710 (Lamb.
1334 2662 1521 2710 Watrel„
1537 2675 1573 2712 p.
1598 2663 1698 2711 514),
1725 2663 1836 2700 c'est-

434 2723 560 2760 a-dire
576 2722 611 2760 le
625 2723 663 2759 21
684 2722 902 2770 decembr&
924 2722 1021 2760 mais
1041 2733 1091 2759 on
1111 2723 1185 2758 sait
1203 2722 1379 2759 combien
1398 2722 1592 2770 l’echange
1605 2722 1672 2760 des
1685 2722 1834 2760 chiffres

434 2782 514 2819 XII
534 2786 572 2819 et
592 2782 691 2818 XHI
710 2786 769 2819 est
786 2780 962 2830 frequent
979 2781 1073 2818 dans
1092 2781 1148 2818 les
1167 2781 1323 2819 ariciens
1342 2781 1583 2818 manuscrits.

485 2842 515 2877 1.
547 2841 679 2889 Comp.
702 2843 972 2887 Introduction,
993 2852 1098 2878 num.
1125 2841 1182 2887 36,
1204 2840 1260 2878 37.
