2092 3490
421 749 694 816 [GESTA
742 751 1229 810 BURCHARDI.
1275 747 1373 815 1¹.]

300 1139 501 1194 Incipit
532 1140 599 1184 de
631 1140 825 1183 domno
856 1139 1180 1182 Burchardo
1213 1138 1490 1192 episcopo.

251 1277 367 1326 Cum
393 1274 455 1324 sit
478 1274 593 1324 utile
618 1279 667 1324 et
692 1273 889 1340 dignum
914 1273 1171 1324 memoria²
1192 1273 1312 1322 vitas
1332 1274 1608 1339 pontificum

186 1353 447 1420 incognitas
472 1352 644 1402 futuris
668 1353 963 1401 innotescere
989 1358 1036 1402 et
1060 1357 1192 1401 actus
1213 1368 1379 1401 eorum
1398 1352 1609 1402 celebres

186 1431 444 1491 declarare,
474 1430 716 1496 quomodo
742 1430 946 1480 domnus
964 1430 1265 1480 Burchardus
1289 1430 1336 1478 in
1363 1430 1609 1496 episcopa-

186 1515 288 1558 tum
320 1511 706 1559 cameracensem
741 1509 1042 1568 successerit,
1081 1508 1374 1574 qualiterque
1409 1509 1604 1568 vixerit,

185 1591 303 1652 quot
310 1602 459 1652 penas
472 1586 763 1646 sustinuerit,
778 1603 874 1652 quo
890 1586 1052 1635 labore
1063 1586 1279 1652 dispersa
1287 1586 1604 1652 recollegerit,

183 1681 278 1730 qua
310 1681 424 1714 cura
458 1664 708 1714 recollecta
745 1664 1029 1724 servaverit,
1075 1664 1135 1713 ad
1175 1665 1407 1713 honorem
1437 1665 1519 1713 Dei
1560 1671 1608 1713 et

184 1748 372 1792 sanctae
398 1741 487 1792 sibi
512 1743 790 1792 commissae
816 1742 1066 1792 aecclesiae
1092 1759 1355 1809 congruum
1376 1749 1447 1792 est
1472 1743 1607 1791 intel-

183 1821 329 1887 ligere
354 1826 403 1870 et
427 1821 609 1871 audire.

615 1958 698 2001 De
729 1957 997 2002 electione
1031 1956 1171 2011 ejus.

255 2084 303 2127 1.
341 2083 452 2130 Post
470 2080 746 2130 defunctum
768 2081 980 2130 Odonem
1005 2081 1282 2146 episcopum
1302 2081 1607 2130 Cameracen-

184 2174 308 2218 sem,
343 2175 539 2208 assensu
569 2158 871 2224 imperatoris
902 2164 950 2207 et
981 2158 1204 2208 canonica
1237 2158 1462 2207 electione
1494 2158 1605 2206 cleri

182 2241 230 2285 et
248 2236 412 2302 populi
431 2236 491 2286 ad
513 2236 841 2303 episcopatum
860 2236 1110 2287 successit-,³
1131 2236 1398 2287 tricesimus
1417 2235 1605 2286 sextus4

231 2381 264 2417 1.
294 2379 428 2428 Comp.
450 2382 720 2425 Introduction,
745 2393 854 2419 num.
879 2382 936 2419 15.

228 2439 264 2477 2.
286 2439 341 2477 Le
361 2440 505 2488 copiste
525 2451 548 2478 a.
566 2441 641 2478 mis
661 2452 711 2479 en
730 2441 936 2490 interligne
960 2454 967 2477 :
991 2443 1046 2478 vel
1070 2443 1292 2485 [memorije.

230 2499 264 2536 3.
293 2499 390 2536 L’an
410 2500 522 2547 1114,
551 2499 699 2550 d'apres
721 2501 903 2539 Lambert
923 2500 970 2539 de
989 2500 1187 2540 Watrelos
1207 2506 1259 2550 (p.
1283 2501 1365 2548 512)
1387 2504 1425 2538 et
1444 2499 1607 2537 l'auteur

180 2557 229 2596 de
244 2558 280 2596 la
292 2558 459 2597 Version
478 2559 667 2610 franceise
686 2560 734 2599 de
752 2565 863 2599 notre
889 2561 1102 2611 chronique
1122 2567 1177 2609 (p.
1198 2560 1302 2609 521„
1331 2560 1429 2597 mais
1450 2570 1492 2596 sa
1512 2569 1604 2596 con-

181 2617 373 2657 secration
391 2619 499 2657 n’eut
518 2619 597 2658 lieu
615 2631 690 2669 que
710 2621 811 2659 deux
830 2632 901 2660 ans
921 2621 1045 2671 apres,
1066 2632 1216 2659 comme
1237 2620 1264 2657 il
1284 2625 1341 2658 est
1360 2618 1520 2668 mai-que
1534 2618 1557 2655 ὲ
1571 2618 1607 2654 la

182 2677 237 2715 fin
255 2677 306 2716 du
326 2680 481 2727 present
501 2679 687 2728 chapitre.

187 2770 191 2774 .
228 2738 264 2776 4.
292 2738 493 2777 Burchard
514 2750 658 2788 oecupe
678 2751 726 2779 en
746 2740 880 2780 realite
904 2741 940 2780 le
966 2741 1298 2790 trente-septime
1324 2750 1419 2787 rang
1445 2738 1540 2776 dans
1569 2737 1606 2774 la

183 2797 282 2836 serie
306 2798 374 2836 des
399 2799 564 2848 eveques
592 2799 639 2838 de
658 2800 836 2839 Cambrai
858 2804 992 2851 (comp.
1017 2804 1112 2841 Gall.
1137 2804 1280 2845 christ„
1313 2804 1341 2837 t.
1364 2799 1444 2846 III,
1470 2810 1506 2847 p.
1530 2797 1601 2845 26).

184 2857 384 2897 Peut-etre
411 2863 520 2897 notre
548 2870 741 2909 anonyme
768 2861 919 2899 n'a-t-il
946 2873 1014 2910 pas
1041 2862 1191 2910 compte
1217 2872 1265 2898 au
1291 2858 1451 2897 nombre
1476 2857 1523 2894 de
1545 2867 1607 2894 ces

1368 2919 1389 2956 8
