2092 3490
0 503 16 572 ἑ

0 672 9 747 3.

239 452 337 506 232

238 764 335 816 233

237 1074 335 1128 234

236 1389 333 1498 235

236 1701 334 1752 236

235 2011 331 2062 237

235 2327 331 2377 238

233 2638 330 2689 239

860 365 1045 400 NIGOLAI.

600 455 812 519 Cumque
837 455 1076 504 Cameraei
1101 455 1230 512 cives

532 532 803 598 percipiunt
827 533 956 599 quod
980 534 1176 584 antistes

534 628 561 658 a
586 612 793 676 Symone
818 628 1041 678 agressus
1065 617 1139 661 est

534 693 587 737 ut
613 688 856 738 castellum
879 689 923 739 ei
947 689 1112 750 donet,

598 783 659 816 ne
683 766 862 817 tribuat
887 768 1232 828 contradicunt,

433 882 442 896 .
534 844 615 909 qui
639 845 909 910 pactionem
934 846 1150 896 nesciunt

534 939 622 971 neo
646 923 888 988 privatum
912 924 1162 974 consilium

532 1000 656 1050 inter
681 1018 732 1050 se
757 1018 910 1067 nuper
934 1002 1166 1053 habitum.

598 1078 794 1138 Quando
819 1080 989 1140 sciunt,
1019 1097 1115 1130 non
1141 1080 1230 1130 alia

534 1156 648 1206 dant
672 1158 850 1223 presuli
877 1159 1071 1208 consilia

531 1234 621 1284 nisi
645 1241 699 1285 ut
722 1236 771 1285 in
796 1253 941 1287 manu
967 1254 1052 1287 sua

533 1313 897 1364 Sanctobertum
922 1315 1139 1365 retineat.

598 1391 693 1440 Tali
718 1392 846 1442 enim
870 1393 1131 1443 munimine

531 1474 674 1534 atque
699 1475 798 1519 tam
822 1471 933 1520 forti
959 1471 1094 1521 obice

530 1551 691 1612 potest
714 1549 877 1613 presul
902 1549 1151 1616 magnifice

531 1625 766 1675 malivolis
791 1626 1033 1677 resistere.

598 1703 733 1763 Quod
759 1704 799 1754 si
825 1706 1003 1770 Symon
1029 1706 1299 1771 possideret

531 1781 611 1846 qui
638 1799 763 1831 nune
787 1782 889 1849 ejus
911 1784 1091 1833 amicus
1117 1790 1207 1844 est,

532 1858 570 1908 si
597 1859 883 1926 quandoque
910 1878 994 1912 eor
1018 1868 1243 1923 mutaret,

531 1936 651 1993 hanc
675 1939 870 1988 turbare
894 1946 1075 1989 terram
1099 1947 1280 2007 posset.

597 2015 685 2074 Qui
709 2022 841 2066 tenet
866 2035 954 2083 per
978 2018 1228 2069 circuitum

531 2092 639 2142 hinc
664 2095 838 2155 Paluel,
868 2096 977 2145 hinc
1001 2097 1216 2164 Osgium,

530 2171 703 2220 turrim
728 2173 854 2238 apud
882 2175 1134 2234 luciacum,

449 2254 453 2258 '
530 2251 903 2311 Haveranchurt,
933 2253 1257 2304 Crevioorum.

595 2331 722 2395 Ergo
746 2332 922 2396 Symon
946 2337 1097 2380 totam
1125 2332 1215 2382 sibi

528 2409 709 2455 terram
734 2413 868 2473 optat
893 2409 1102 2458 ancillari

533 2483 615 2547 qui
639 2484 688 2533 in
712 2502 828 2535 rure
853 2487 1149 2536 Sanctoberti

529 2577 582 2610 se
607 2563 814 2626 postulat
838 2563 1094 2614 introduci.

594 2642 729 2700 Nam,
759 2647 812 2691 ut
837 2642 953 2703 dixi,
983 2644 1024 2692 si
1047 2643 1259 2694 animum

528 2723 829 2769 converteret
855 2720 904 2769 in
929 2721 1112 2781 odium,

530 2794 590 2843 ab
614 2795 734 2845 urbe
758 2797 886 2848 cives
910 2798 1114 2849 liberum

530 2872 709 2923 nullum
733 2874 963 2926 haberent
988 2877 1168 2926 exitum

1599 370 1662 406 207
