2092 3490
466 369 524 403 170

463 615 556 660 305

460 983 552 1042 340

457 1379 550 1424 345

455 1763 547 1811 320

453 2146 545 2195 325

452 2531 543 2576 330

1101 366 1237 399 GESTA

720 457 865 504 immo
891 471 941 503 se
967 471 1261 518 nequaquam
1285 455 1469 504 audisse
1494 462 1708 506 asserunt
1731 475 1741 505 :

656 533 779 582 unde
804 533 922 580 iram
946 531 1045 587 Dei,
1075 548 1232 595 spero,
1262 532 1549 582 deserviunt.

720 613 834 657 Nam
858 607 1071 671 quamvis
1096 623 1240 671 super
1264 624 1314 656 se
1339 608 1540 657 habeant
1564 608 1806 659 dominum

654 701 876 749 nequam,
906 684 1228 741 inhumanum,
1257 684 1511 743 crudelem,
1540 686 1814 750 pessimum,

717 767 874 809 tamen
900 761 1168 808 conservari
1191 760 1333 809 debet
1356 760 1554 810 fidelitas

652 855 794 903 quam
819 837 907 885 sibi
931 837 1163 902 promittit
1187 837 1411 902 cujusque
1435 839 1624 888 veritas.

716 918 932 963 Fortasse
956 920 1156 978 propter
1179 914 1297 962 hanc
1320 915 1395 963 vel
1419 915 1603 980 culpam
1628 915 1763 965 aliam

652 993 775 1041 inter
800 993 1102 1042 Gameracum
1127 991 1376 1055 villamque
1401 995 1676 1056 Hasperam‚

716 1068 797 1117 ubi
823 1085 930 1116 cum
954 1069 1123 1117 timore
1149 1085 1320 1134 magno
1345 1075 1659 1133 pervenerant

651 1151 696 1194 et
722 1163 816 1210 quo
839 1146 1037 1194 tutiores
1062 1162 1165 1194 esse
1190 1152 1487 1211 putaverant,

715 1221 881 1270 accidit
906 1222 1033 1286 quod
1058 1239 1140 1270 eos
1164 1222 1292 1270 misit
1317 1222 1364 1270 in
1389 1239 1626 1272 carcerem

649 1299 887 1365 predictus
913 1300 1164 1359 Gerardus,
1195 1300 1275 1364 qui
1300 1300 1361 1348 ob
1386 1290 1644 1365 pecuniam

650 1393 906 1440 numquam
931 1377 1009 1425 ulli
1034 1377 1177 1426 fidem
1202 1377 1408 1441 portavit
1434 1377 1666 1427 stabilem.

712 1453 783 1501 Ab
808 1453 897 1502 illis
922 1454 1094 1501 etenim
1119 1454 1198 1518 qui
1224 1459 1358 1502 erant
1382 1454 1553 1503 divites

647 1530 844 1578 extorsit
868 1530 1031 1595 viginti
1055 1547 1237 1579 marcas
1261 1531 1499 1589 undecies,

712 1607 776 1655 ita
800 1606 927 1671 quod
952 1612 1151 1671 propter
1175 1607 1264 1655 hoc
1287 1624 1373 1655 nec
1397 1607 1739 1671 querimoniam

648 1701 734 1732 nec
756 1683 897 1731 ullam
922 1683 1088 1732 sentiet
1112 1683 1444 1732 inimicitiam&

712 1764 853 1808 Istam
878 1760 1160 1825 captionem,
1188 1761 1278 1809 hoc
1303 1760 1527 1809 damnum
1550 1761 1722 1810 iterum

646 1837 893 1901 imponunt
917 1837 1090 1902 captivi
1115 1854 1259 1902 super
1281 1837 1574 1902 episcopum.

711 1916 930 1963 Ceterum
953 1919 1064 1979 post
1087 1914 1190 1963 illos
1215 1931 1434 1963 reversus
1459 1915 1671 1979 pontifex

645 1991 925 2039 monstravit
949 1991 1188 2055 quomodo
1213 1991 1503 2056 abjudicatus
1527 1998 1600 2041 est

709 2068 768 2116 de
790 2068 1089 2132 prepositura
1114 2068 1259 2117 curtis
1284 2068 1553 2133 prepositus

643 2161 731 2209 per
756 2150 932 2192 cartam
958 2145 1132 2193 cesaris
1158 2145 1586 2194 Cameracensibus.

706 2224 814 2269 Mox
837 2221 942 2270 illos
967 2222 1046 2285 qui
1072 2221 1198 2270 cives
1224 2228 1448 2286 ceperant

643 2303 691 2347 et
715 2298 1005 2362 capientibus
1030 2315 1273 2346 assensum
1299 2298 1543 2357 dederant,

707 2392 767 2423 ex
791 2375 1097 2423 anathematis
1122 2375 1282 2438 ligavit
1305 2375 1507 2433 vinculo,

643 2451 801 2500 divina
825 2451 1064 2500 celebrans
1090 2451 1165 2499 die
1191 2451 1442 2500 dominico.

708 2529 880 2576 Dehinc
903 2528 1143 2576 maledixit
1168 2528 1249 2592 qui
1273 2527 1571 2593 privilegium

644 2605 824 2656 Cesaris
846 2605 1033 2670 infregit
1055 2610 1253 2669 propter
1277 2604 1589 2670 prepositum.

498 2735 531 2770 1.
558 2737 612 2770 ata
631 2737 784 2780 quod—
797 2737 1053 2778 inimzcitiam,
1078 2733 1188 2771 (ι’-θεῖ
1171 2734 1231 2771 -a-
1213 2734 1316 2771 -dire
1330 2745 1378 2771 en
1394 2733 1476 2771 leur
1489 2734 1627 2771 faisant
1645 2737 1850 2781 promettre

449 2804 498 2840 qu
501 2792 559 2829 ils
586 2805 634 2830 ne
662 2793 697 2830 le
726 2794 1031 2842 poursuivraient
1054 2794 1211 2842 jamais,
1243 2794 1317 2831 soit
1344 2805 1391 2832 en
1416 2793 1574 2842 justice,
1604 2792 1679 2830 soit
1702 2803 1770 2866 par
1794 2792 1849 2829 les

450 2863 587 2899 armeS,
608 2863 656 2890 au
676 2854 774 2902 quet
792 2853 838 2890 de
858 2858 955 2891 cette
974 2852 1146 2891 amende
