2092 3490
479 362 517 395 74
1107 361 1242 395 GESTA

507 525 589 567 De
615 522 820 567 iterata
847 523 1163 575 expulsione
1189 524 1442 570 Galcheri
1470 536 1506 571 a
1531 526 1841 573 cameraco.

474 681 568 730 428
829 683 880 728 In
907 695 1020 743 pace
1046 695 1159 744 ergo
1181 679 1323 743 positi

763 773 870 805 cum
896 761 1053 804 essent
1075 755 1211 821 plebs
1237 762 1285 805 et
1308 756 1479 816 clerici,

764 833 845 897 qui
868 832 1048 882 actibus
1075 832 1286 898 episcopi

761 926 951 975 semper
975 910 1163 959 fuerunt
1187 911 1333 970 obvii,

471 985 566 1037 429
828 987 1038 1036 dolentes
1063 1004 1172 1036 eum
1194 988 1355 1037 vivere

761 1069 808 1112 et
833 1064 881 1112 in
906 1064 1048 1113 rebus
1071 1066 1323 1129 proficere,

759 1142 857 1206 jam
882 1141 941 1190 de
963 1141 1297 1191 christianitate

760 1218 1059 1269 Remensium
1085 1219 1334 1268 aecclesiae

467 1293 561 1342 430
821 1295 934 1344 item
959 1295 1078 1344 sicut
1101 1296 1316 1360 superius

754 1372 886 1421 duris
910 1373 1126 1421 locuntur
1151 1373 1346 1422 vocibus
1377 1392 1386 1422 z

756 1449 880 1497 unde
907 1449 1065 1497 statim
1089 1449 1314 1514 accipitur

757 1525 1000 1574 consilium
1025 1526 1084 1574 ab
1110 1526 1345 1575 omnibus.

466 1601 550 1650 43ยน1
822 1606 923 1662 Quo
948 1610 1140 1668 accepto
1165 1604 1357 1652 consilio

757 1680 916 1745 presul
942 1681 1192 1730 Galcherus
1217 1681 1322 1730 ilico

761 1757 1031 1821 supradicto
1058 1763 1349 1806 sacramento

758 1834 965 1883 defendit
988 1835 1114 1883 omni
1139 1835 1316 1900 populo

467 1908 562 1959 432
824 1927 882 1958 ne
908 1911 967 1958 ab
992 1910 1079 1959 illis
1102 1911 1302 1976 abjurati

757 1987 1044 2052 recipiantur
1067 1987 1222 2036 clerici

757 2064 837 2128 qui
863 2070 972 2112 sunt
995 2063 1095 2128 ejus
1119 2063 1293 2112 inimici

757 2145 804 2188 et
829 2141 973 2189 totius
998 2141 1200 2205 imperii.

466 2216 560 2264 433
820 2220 918 2265 Hoc
943 2217 1137 2266 defenso
1162 2217 1410 2281 episcopus

756 2294 900 2343 exivit
923 2293 1092 2342 urbem
1116 2294 1269 2351 citius,

754 2371 991 2419 humiliter
1016 2376 1309 2434 spectaturus

755 2447 977 2512 quicquid
1002 2447 1173 2496 faceret
1197 2447 1417 2512 populus.

464 2522 559 2571 434
819 2524 1037 2573 Mandant
1061 2530 1218 2572 tamen
1243 2524 1369 2571 cives
1394 2524 1545 2572 cuncti

754 2605 1010 2650 Remorum
1035 2601 1339 2664 archipresuli

754 2682 806 2725 ut
831 2677 905 2724 hic
929 2677 1036 2725 licet
1060 2677 1333 2725 contradicti

753 2752 1079 2818 regrediantur
1103 2753 1274 2810 clerici,

462 2829 555 2877 435
812 2829 1066 2894 jubeatque
1090 2829 1372 2879 descendere
