2092 3490
455 367 515 401 ‘234
1086 364 1222 397 GESTA

747 470 840 517 qua
862 452 1050 501 fortuna
1073 451 1163 499 viri
1186 457 1373 501 centum

746 528 1006 578 exercitum
1029 534 1101 577 tot
1126 528 1306 577 milium

746 622 970 670 superare
995 610 1268 670 potuerunt.

456 685 509 734 Μ
524 688 551 732 3
812 685 1028 731 Fortasse
1049 684 1283 747 permisso
1306 684 1391 733 Dei

745 765 857 808 tunc
881 758 1048 808 accidit
1074 760 1192 809 siout
1216 760 1346 819 olim,

745 853 854 886 cum
875 836 984 885 Saul
1009 836 1135 885 mille
1160 837 1360 902 perculit

745 919 792 963 et
815 913 980 963 decem
1003 914 1130 962 milia
1154 914 1348 964 David1.

455 992 507 1041 Μ
521 991 551 1040 4
809 994 927 1039 Nam
951 991 1040 1040 hoo
1065 991 1162 1056 pati
1186 998 1455 1042 meruerant

745 1068 825 1132 qui
851 1073 1082 1116 sacratam
1107 1069 1350 1118 ecclesiam

744 1151 792 1194 et
816 1150 1112 1194 sacrosancta
1137 1146 1376 1212 fregerant

744 1228 791 1271 et
815 1223 1025 1271 insontes
1050 1223 1383 1287 predaverant.

455 1299 507 1348 Μ
523 1303 550 1349 5
810 1299 1146 1349 Defunctorum
1171 1301 1400 1350 cadavera

744 1377 864 1426 sicut
888 1377 937 1426 in
963 1377 1039 1426 die
1064 1377 1266 1426 crastina

742 1461 933 1520 reperta
958 1460 1067 1504 sunt
1091 1460 1139 1503 et
1164 1455 1345 1519 sepulta

742 1533 995 1581 abhorreat
1021 1548 1138 1597 gens
1162 1532 1335 1580 futura.

452 1607 504 1657 Μ
519 1611 548 1656 6
807 1608 928 1658 Nudi
953 1609 1078 1657 enim
1103 1609 1278 1658 inventi
1305 1615 1414 1658 sunt

743 1692 790 1735 et
814 1703 988 1735 uxores
1012 1703 1133 1751 quae
1158 1686 1405 1751 requirunt

742 1763 870 1812 viros
896 1779 1007 1811 suos
1032 1763 1205 1822 levant,
1230 1769 1422 1812 vertunt

743 1845 790 1888 et
814 1839 1051 1888 neminem
1074 1845 1433 1906 recognoscunt.

452 1914 547 1963 ΜἹ
808 1916 882 1965 Sic
905 1916 1030 1964 enim
1053 1920 1162 1965 sunt
1183 1916 1327 1965 armis
1353 1916 1464 1976 cesi,

742 1992 802 2041 de
826 2009 995 2042 cruore
1019 1993 1263 2058 inquinati,

743 2070 804 2119 ab
828 2070 995 2119 avibus
1019 2070 1225 2119 excecati

742 2147 871 2211 quod
895 2153 1138 2212 nequeunt
1161 2148 1453 2214 recognosci.

451 2222 503 2273 Μ
517 2225 545 2270 8
807 2226 1014 2290 Pergunt
1038 2224 1164 2274 cives
1188 2242 1278 2290 pro
1302 2225 1463 2274 amicis

741 2305 789 2348 et
811 2317 901 2365 pro
926 2300 1200 2367 conjugibus
1225 2302 1323 2350 suis

742 2375 802 2425 ad
826 2376 1124 2425 lacerandum
1149 2377 1310 2426 bestiis

742 2459 790 2502 et
813 2453 979 2502 avibus
1004 2453 1247 2518 expositis.

450 2529 503 2578 Μ
517 2532 544 2577 9
807 2532 934 2589 Quos
958 2531 1188 2579 interrant
1210 2536 1452 2596 tamquam
1477 2548 1650 2597 porcos

741 2608 893 2667 binos,
921 2613 1099 2667 ternos,
1129 2608 1315 2673 quinos,
1344 2609 1492 2659 denos

740 2684 1000 2749 opprobrio
1024 2685 1310 2749 sempiterno

500 2867 531 2901 ¹1.
561 2865 693 2914 Comp.
718 2867 751 2903 1.
773 2869 852 2913 Req.
875 2867 1028 2913 XVIII,
1051 2869 1084 2904 7.
