2092 3490
506 355 562 388 124

538 753 595 798 10

534 1061 581 1106 11

530 1367 590 1415 42

531 1677 589 1722 13

529 1981 587 2028 14

527 2291 585 2336 15

527 2598 586 2643 46
659 2564 664 2570 ,,

1135 354 1269 405 ὓΕΒΤΑ

862 442 1074 506 Suscepit
1098 445 1263 491 Petrus
1283 443 1504 508 juvenem

794 524 991 582 propter
1016 518 1116 583 ejus
1139 520 1455 584 prudentiam,

793 595 866 643 cui
892 611 1025 644 suam
1050 596 1130 644 dat
1154 596 1298 645 filiam

793 672 910 721 sicut
936 689 1068 721 suam
1093 674 1235 722 Jacob
1262 675 1435 724 Laban.

858 753 972 797 Nam
999 750 1117 798 sicut
1141 752 1284 800 Jacob
1308 754 1480 802 meruit

791 827 918 891 quod
944 832 1101 875 natam
1126 829 1280 876 Laban
1303 829 1478 888 habuit,

789 904 863 952 hic
889 904 1066 953 servire
1092 905 1158 953 sic
1184 906 1362 954 studuit

790 981 917 1046 quod
944 981 1033 1029 sibi
1059 985 1223 1031 Petrus
1248 984 1412 1032 tribuit

853 1058 1045 1107 Mariam
1068 1076 1199 1107 suam
1224 1060 1368 1109 filiam

786 1141 909 1183 etate
934 1136 1072 1184 nimis
1091 1136 1330 1201 juvenem,

789 1229 931 1277 quam
955 1213 1136 1277 accepit
1160 1213 1208 1260 in
1234 1214 1480 1280 conjugem

786 1297 833 1338 et
859 1290 1131 1338 irremotam
1156 1291 1393 1340 comitem.

852 1370 1016 1415 Petrus
1042 1367 1210 1415 Mariae
1235 1368 1435 1433 genitor,

788 1443 950 1491 vicinis
976 1444 1073 1492 suis
1098 1444 1257 1502 ditior,

786 1521 875 1568 hoc
899 1521 1118 1586 adjuncto
1145 1522 1400 1570 connubio¹

787 1597 875 1646 sub
902 1597 1059 1645 federe
1084 1598 1292 1663 legitimo

851 1691 992 1739 quem
1015 1675 1136 1723 filiae
1161 1676 1465 1741 conjunxerat

787 1757 835 1800 et
859 1768 1087 1817 generum
1112 1753 1424 1816 plasmaverat

785 1828 926 1877 rebus
953 1829 1048 1877 suis
1074 1830 1326 1888 consociat,

785 1905 1095 1954 domesticum
1120 1906 1320 1955 edificat.

850 1983 1072 2032 Concedit
1097 1983 1223 2032 bono
1249 1985 1405 2033 animo

784 2066 830 2108 et
855 2060 974 2108 filiae
999 2066 1046 2108 et
1070 2078 1244 2126 genero

784 2143 836 2185 ut
861 2137 921 2185 sit
946 2138 1014 2185 eis
1038 2139 1306 2187 communio

784 2214 842 2262 de
868 2214 994 2262 victu
1021 2220 1067 2262 et
1091 2215 1311 2279 hospitio.

848 2291 1064 2356 Largitur
1089 2291 1156 2338 eis
1179 2292 1423 2357 propriam

784 2366 842 2414 de
868 2372 1063 2432 argento
1090 2368 1351 2432 pecuniam,

783 2444 843 2492 de
868 2445 1072 2493 nummis
1097 2445 1446 2506 abundantiam,

782 2519 841 2568 de
866 2521 1155 2570 vestimentis
1180 2523 1381 2587 copiam.

849 2599 964 2645 Sunt
989 2597 1132 2663 igitur
1154 2615 1244 2662 per
1270 2601 1425 2648 omnia

782 2678 1022 2737 tamquam
1047 2691 1138 2723 una
1164 2674 1334 2723 familia
1365 2694 1373 2723 ε

541 2840 573 2875 1.
603 2842 794 2877 connuhio.
818 2841 923 2878 Dans
943 2840 978 2878 le
998 2853 1068 2878 ms,
1094 2844 1256 2878 conubio.
