2092 3490
466 350 523 384 166

463 667 554 712 495

458 1050 552 1098 200

457 1433 551 1482 205

456 1819 551 1869 210

456 2205 550 2253 215

1092 343 1228 385 αΕεΤᾼ

722 431 943 482 Videntes
967 429 1109 495 igitur
1133 429 1259 478 nullo
1283 429 1468 495 ingenio

653 510 743 558 hoc
766 524 906 573 posse
931 506 1034 554 fieri
1055 505 1155 554 sine
1179 505 1420 570 episcopo,

718 586 766 633 in
793 584 901 633 dolo
926 599 1014 648 pro
1040 582 1219 631 cunctis
1243 583 1325 647 qui
1349 589 1763 647 compecoaverant

655 662 798 710 libras
823 659 1160 725 quinquaginta
1185 659 1272 708 sibi
1296 659 1542 708 revadiant
1567 677 1577 708 ε

718 744 766 787 et
789 753 902 786 vere
923 737 970 784 in
996 736 1106 785 dolo
1136 754 1146 784 :
1176 752 1286 784 nam
1310 753 1551 801 nunquam
1573 737 1734 787 habuit

653 821 705 864 ut
729 815 819 863 sibi
836 814 1017 880 juratas
1041 813 1216 862 habere
1241 813 1421 862 debuit.

717 895 810 941 Has
833 891 976 940 libras
1000 895 1174 940 statuto
1199 891 1400 955 prebere
1423 891 1626 940 termino

646 968 823 1035 juravit
847 985 897 1016 se
922 974 1117 1033 quartus
1142 984 1300 1016 comes
1325 968 1384 1016 de
1408 967 1600 1017 Hain01.

718 1049 866 1105 Quem
890 1045 1050 1110 presul
1074 1045 1293 1104 absolvit,
1323 1045 1601 1104 Gerardum,
1629 1045 1823 1096 Gilium2

652 1128 700 1172 et
724 1121 1070 1171 multitudinem
1095 1122 1312 1180 militum,
1342 1122 1555 1187 peditum
1585 1141 1595 1171 :

715 1199 869 1247 taliter
893 1204 946 1246 ut
970 1198 1104 1247 miles
1126 1198 1207 1246 det
1231 1198 1437 1262 quinque
1463 1198 1637 1247 solidos

651 1281 699 1324 et
722 1275 869 1340 pedes
893 1275 1059 1341 viginti
1083 1275 1227 1324 donet
1252 1275 1468 1324 denarios

716 1353 776 1401 ad
802 1352 1139 1401 restituendam
1161 1352 1369 1401 funditus
1395 1353 1599 1402 dirutam

651 1429 772 1478 beati
799 1429 1011 1479 Andreae
1036 1434 1186 1477 totam
1210 1430 1469 1479 ecclesiam.

715 1507 905 1556 Modum
925 1506 1148 1571 jussionis
1173 1512 1221 1554 et
1246 1507 1543 1571 penitentiae,

652 1601 794 1649 quem
818 1584 907 1633 illis
930 1584 1131 1649 injunxit
1155 1585 1311 1648 presul
1338 1601 1427 1649 pro
1453 1585 1664 1643 crimine,

716 1661 923 1710 scribere
948 1661 1091 1719 nolui,
1121 1661 1230 1725 quia
1255 1662 1604 1726 contempnitur

651 1738 874 1803 quicquid
898 1756 926 1787 a
947 1738 1135 1803 presule
1159 1738 1247 1787 illis
1270 1738 1546 1803 precipitur.

716 1820 926 1880 Namque
951 1815 1159 1864 universi
1183 1831 1270 1863 nec
1292 1816 1598 1879 penitentiam

650 1899 794 1959 agunt
817 1909 903 1941 nec
925 1892 1210 1957 promissam
1234 1892 1410 1941 donant
1434 1892 1697 1957 pecuniam.

715 1970 785 2018 Fit
811 1969 1028 2034 perjurus
1053 1986 1212 2018 comes
1237 1969 1402 2034 suique
1427 1970 1694 2034 complices,

651 2047 759 2111 quia
784 2047 1002 2095 denarios
1025 2063 1120 2094 non
1145 2047 1287 2095 habet
1310 2046 1524 2111 pontifex
1547 2065 1556 2094 :

716 2141 853 2173 suum
876 2124 1172 2173 mendacium
1197 2130 1338 2188 atque
1363 2124 1621 2189 perjurium

650 2207 840 2250 vertunt
864 2202 911 2249 in
937 2201 1099 2249 odium
1122 2218 1265 2265 super
1288 2201 1579 2265 episcopum.

714 2282 780 2327 De
806 2278 902 2326 suis
927 2279 1068 2326 etiam
1093 2278 1224 2326 iratis
1250 2277 1431 2326 civibus

649 2355 969 2403 infidelitatem
995 2354 1158 2403 suffert
1183 2354 1449 2419 episcopus.

713 2432 886 2481 Suffert
909 2431 1036 2496 quod
1062 2436 1225 2479 contra
1250 2448 1300 2479 se
1326 2432 1471 2480 curtis
1496 2431 1789 2496 prepositum

503 2605 535 2640 1.
563 2602 765 2640 Baudouin
785 2602 856 2650 IV,
884 2607 1008 2640 comte
1028 2602 1075 2640 de
1094 2602 1285 2649 Hainaut‚
1314 2603 1381 2650 qui
1407 2603 1509 2640 avait
1533 2602 1639 2651 prete
1667 2612 1819 2640 secours
1838 2602 1862 2639 ὲ

454 2662 597 2699 Gerard
617 2662 712 2699 dans
731 2661 910 2710 l'attaque
930 2661 981 2699 du
1001 2661 1379 2699 Cateau-Camhresis
1398 2663 1549 2706 (Chron.
1572 2662 1611 2699 S.
1631 2663 1763 2705 Andr„
1785 2661 1857 2708 ΙΙΙ,

478 2722 498 2758 9
561 2750 569 2758 .
681 2750 689 2757 .

454 2721 474 2759 3
501 2721 684 2817 ’ZpGgiliffs
706 2780 752 2817 de
772 2780 889 2828 Chin,
915 2780 1008 2818 dont
1033 2780 1062 2816 il
1090 2791 1173 2817 sera
1198 2779 1302 2827 parle
1327 2780 1412 2827 plus
1439 2779 1687 2827 longuement
1706 2778 1800 2816 dans
1821 2779 1858 2816 la

455 2840 528 2877 Vie
547 2839 593 2876 de
613 2839 765 2877 Nicolas
786 2846 923 2887 (comp.
946 2840 1037 2878 (ἔθει.
1059 2841 1214 2883 Νίοοιαί,
1240 2844 1305 2876 str.
1331 2839 1425 2881 124).
