2092 3490
732 335 994 370 BURGHARDI.
1016 337 1040 370 Ι.
1538 339 1591 373 121

177 431 275 482 suis
305 429 521 479 fidelibus
553 427 614 478 de
647 426 914 477 castellania
948 426 1194 477 consilium
1226 429 1436 493 postulat
1470 429 1597 478 idem

177 508 445 574 episcopus.
480 506 612 557 Unde
638 512 829 572 accepta
854 506 1030 555 virtute
1056 505 1253 564 consilii,
1284 507 1443 556 statim
1467 524 1597 556 com-

176 585 328 635 movit
350 585 655 634 castellanum
672 581 925 651 Hugonem
950 583 1009 633 de
1035 584 1113 633 illo
1138 584 1455 634 castellaniam
1480 586 1598 634 reci-

174 679 290 729 pere
313 667 362 711 et
385 666 572 721 tenere,
610 661 731 711 sicut
763 661 876 710 olim
907 661 1034 710 illam
1065 666 1316 710 tenuerant
1347 663 1598 727 predeces-

176 758 310 791 sores
353 740 486 807 ejus¹
530 740 590 790 de
630 740 954 790 Cameracensi
994 740 1235 805 pontifice.
1283 741 1419 800 Quod
1467 741 1598 791 illum

175 819 370 886 quidem
390 819 544 868 facere
566 823 865 867 recusantem
883 818 1116 884 percussit
1137 818 1391 884 episcopus
1408 820 1598 869 anathe-

175 898 315 947 matis
349 897 529 964 gladio,
567 901 718 945 totam
751 901 930 945 terram
964 913 1099 944 suam
1135 895 1296 944 divino
1331 897 1598 962 precipiens

175 992 338 1025 carere
369 974 543 1024 officio.
582 974 698 1023 Hinc
730 974 1012 1035 castellanus
1039 974 1233 1022 nimiam
1265 991 1518 1024 succensus
1550 977 1598 1025 in

174 1054 296 1103 iram
319 1058 370 1102 et
393 1053 441 1101 in
465 1052 666 1101 mortale
691 1057 958 1101 commotus
986 1051 1150 1100 odium
1180 1051 1411 1102 adversus
1442 1055 1599 1118 ponti-

174 1133 330 1190 ficem,
354 1131 403 1180 in
421 1130 532 1179 villa
551 1131 611 1180 de
634 1130 930 1181 Crevecuerh
960 1130 1169 1179 firmavit
1193 1130 1408 1195 opidum,
1436 1134 1598 1181 Came-

173 1209 271 1259 raci
301 1208 600 1274 proximum,
640 1208 770 1274 quod
805 1208 906 1257 fore
940 1207 1215 1257 intendebat
1249 1208 1375 1258 intus
1409 1210 1518 1259 urbi
1552 1217 1600 1259 et

172 1294 329 1357 terrae
369 1286 486 1336 foris
532 1286 592 1335 ad
634 1286 956 1335 intolerabile2
1002 1286 1357 1336 detrimentum.
1407 1291 1460 1337 In
1503 1306 1599 1353 quo

174 1365 399 1415 velociter
423 1365 665 1431 ingressus
685 1381 794 1414 cum
811 1364 1040 1414 militibus
1060 1370 1108 1413 et
1127 1365 1442 1415 servientibus
1461 1366 1594 1424 sibi3,

172 1444 307 1494 villas
331 1443 691 1509 circumpositas
714 1443 1032 1509 depopulatus
1062 1447 1137 1491 est
1167 1443 1330 1508 predis
1361 1450 1408 1492 et
1439 1444 1599 1494 incen-

172 1522 280 1581 diis,
309 1521 460 1587 captis
483 1527 721 1571 terrarum
747 1516 1010 1570 cultoribus
1034 1527 1115 1569 aut
1145 1521 1422 1571 interfectis.
1457 1522 1600 1572 Sedet

172 1601 218 1650 in
253 1599 436 1650 insidiis
468 1616 556 1665 per
590 1599 800 1666 singulos
832 1599 932 1648 dies
969 1605 1023 1648 ut
1058 1600 1212 1664 rapiat
1246 1617 1507 1665 pauperes,
1547 1607 1599 1650 ut

172 1678 423 1744 interficiat
429 1678 704 1727 innocentes
713 1681 730 1708 4
739 1716 749 1726 .
764 1679 1032 1727 Conversus
1041 1677 1101 1726 ad
1113 1678 1384 1743 superbiam
1392 1717 1403 1738 ,
1420 1696 1599 1744 pronus

172 1756 232 1806 ad
252 1756 480 1805 malitiam
494 1756 530 1815 ⁵,
560 1756 712 1805 factus
738 1761 811 1805 est
835 1754 1089 1804 continuus
1115 1756 1360 1805 insidiator
1387 1757 1599 1806 omnium

172 1833 353 1883 venalia
371 1833 610 1883 cameraci
630 1833 756 1882 ferre
772 1833 1051 1886 volentium.
1072 1837 1272 1884 Prorsus
1287 1835 1416 1883 enim
1435 1837 1598 1884 Came-

170 1911 445 1962 racensibus
471 1910 774 1961 desiderabat
795 1911 981 1960 auferre
1006 1912 1238 1971 triticum,
1269 1914 1335 1962 sal
1362 1919 1410 1962 et
1434 1913 1597 1962 vinum

170 1995 221 2040 et
249 1991 432 2040 fructus
463 1988 715 2047 arborum,
755 1989 909 2054 pisces
939 1989 1086 2038 maris
1115 1995 1162 2038 et
1193 1991 1318 2057 ligna
1350 1991 1592 2040 silvarum.

170 2071 295 2117 Haec
319 2066 555 2133 siquidem
579 2066 702 2115 mala
727 2066 953 2131 quamdiu
978 2067 1151 2132 potuit,
1180 2068 1360 2117 tamdiu
1384 2069 1597 2135 irrogare

171 2162 472 2212 nequaquam
487 2144 706 2194 cessavit.
725 2144 816 2194 Sed
830 2145 985 2194 omnis
995 2146 1251 2211 posteritas
1265 2146 1313 2195 in
1323 2147 1597 2212 exemplum

169 2229 328 2274 teneat
351 2228 401 2273 et
425 2223 473 2272 in
498 2227 778 2289 perpetuam
795 2223 967 2272 habeat
990 2224 1272 2273 memoriam
1298 2242 1441 2291 quam
1459 2243 1597 2290 aper-

169 2309 268 2352 tam
304 2302 364 2352 de
403 2302 491 2352 hac
529 2301 705 2350 malitia
740 2305 864 2351 Deus
897 2302 1155 2352 ultionumss
1194 2303 1301 2352 fecit
1333 2304 1591 2369 justiciam,

170 2380 251 2446 qui
275 2380 493 2430 retribuit
519 2379 814 2429 abundanter
838 2380 1119 2430 facientibus
1146 2381 1465 2447 superbiam7.

245 2576 252 2584 .
283 2549 338 2585 Vel
359 2549 431 2584 sui.
455 2547 557 2586 Note
578 2547 855 2586 interlineaire.

281 2607 525 2644 intolerabile.
548 2606 582 2643 Il
601 2620 627 2656 y
647 2607 751 2645 avait
767 2607 922 2646 'd'abord
943 2608 1039 2646 dans
1061 2608 1095 2645 le
1115 2620 1188 2646 ms.
1212 2610 1464 2646 incolarabz‘lo.

244 2696 252 2704 .
279 2668 364 2704 sibi.
389 2666 495 2704 Dans
515 2666 551 2704 le
570 2678 642 2704 mS.
665 2678 715 2704 on
735 2679 758 2706 a
778 2667 904 2716 ajoute
924 2668 1126 2706 au-dessus
1147 2668 1193 2706 de
1215 2668 1252 2706 la
1271 2668 1375 2716 ligne
1398 2680 1405 2704 2
1428 2670 1481 2704 vec
1501 2670 1590 2703 suis.

245 2755 253 2763 .
282 2726 414 2775 Comp.
438 2729 495 2763 Ps.
518 2725 591 2774 IX,
614 2726 650 2774 8,
673 2727 709 2765 9

245 2814 252 2822 .
281 2785 514 2833 Comp..lob.
539 2755 828 2833 Xl,12.E.vod.
854 2786 1032 2834 XXXII,
1056 2787 1114 2824 22.

171 2608 182 2619 ι

217 2548 252 2882 Φωῶωςθιὺ

245 2844 413 2893 .Co.mp
438 2847 494 2882 Ps.
518 2845 664 2892 XCIII
686 2847 719 2883 1.

220 2905 253 2942 7.
284 2904 415 2954 Comp.
442 2908 496 2942 Ps.
520 2905 654 2953 XXX,
675 2906 735 2943 24.
