2092 3490
822 333 996 367 ODONIS.
1556 335 1611 370 111

197 424 355 474 nem¹.
399 426 492 473 Pro
531 422 678 473 multa
710 422 854 472 etiam
894 422 1076 489 argenti
1110 422 1308 487 pecunia
1345 423 1616 490 pignoravit

197 502 470 552 theloneum
497 507 546 550 et
571 501 839 551 molendina
865 508 915 551 et
952 501 1158 566 quedam
1197 501 1285 550 alia
1324 502 1449 551 bona
1490 502 1616 567 epis-

197 597 320 646 copo
355 578 663 645 pertinentia,
702 585 756 628 ut
787 580 975 629 futurus
1005 580 1257 646 episcopus
1287 586 1455 629 cuncta
1485 580 1617 629 inve-

196 657 322 707 niret
335 656 581 722 impedita.
605 659 755 716 Quem
768 656 828 706 ad
845 674 897 706 se
911 658 1181 707 venientem
1199 658 1400 708 Pascalis
1419 664 1616 724 paterne

196 735 378 801 recepit
401 740 543 800 atque
558 735 883 800 possessiones
903 741 951 784 et
974 735 1202 794 honores,
1231 753 1352 801 quos
1377 741 1485 785 ante
1508 753 1618 801 pre-

196 813 402 863 sulatum
434 818 670 872 tenuerat,
708 813 799 862 sibi
831 830 920 879 per
955 813 1184 880 judicium
1223 814 1516 880 recognovit.
1560 818 1618 864 Et

196 891 322 941 inter
352 897 510 940 cetera
539 891 583 940 ei
610 890 852 940 redditum
882 891 1236 941 Braibatensem
1268 891 1618 942 archidiacona-

197 969 326 1020 tum²
351 969 649 1019 confirmavit
674 969 738 1018 ita
761 969 910 1019 libere
936 969 1181 1035 possidere
1205 987 1294 1036 per
1317 970 1618 1037 privilegium

198 1047 329 1114 quod
352 1047 464 1097 inde
484 1046 807 1097 Cameracensi
832 1046 1059 1112 episcopo
1083 1064 1178 1096 non
1203 1048 1514 1114 responderet
1527 1049 1544 1078 3
1572 1055 1619 1097 et

198 1142 227 1174 a
265 1141 566 1191 quocumque
608 1124 752 1173 vellet
790 1124 982 1190 presule
1021 1125 1226 1175 chrisma
1265 1125 1312 1174 in
1355 1125 1618 1175 ministerio

198 1219 286 1252 suo
310 1202 564 1268 quotannis
587 1201 803 1251 haberet.

264 1288 320 1333 8.
341 1288 425 1332 De
443 1286 762 1342 receptione
782 1287 987 1332 Odonls
1006 1288 1157 1333 intra.
1174 1290 1382 1333 urbem.
1404 1310 1471 1319 —
1486 1285 1622 1331 Tem-

175 1406 178 1407 .
198 1373 318 1424 pore
342 1357 423 1407 illo
447 1372 608 1406 comes
623 1357 860 1407 Robertus
879 1358 1161 1408 clericorum
1185 1358 1383 1408 consilio
1408 1359 1623 1410 Odonem

199 1434 478 1500 episcopum
502 1434 663 1499 posuit
689 1434 736 1483 in
764 1436 1017 1484 Cameraco
1042 1436 1282 1486 victurum
1312 1437 1372 1486 de
1396 1437 1618 1503 proprio,

199 1528 296 1562 non
334 1510 397 1561 de
437 1511 740 1578 imperatoris
785 1513 1034 1563 beneficio.
1083 1515 1347 1581 Episcopus
1389 1514 1502 1575 iste,
1549 1515 1624 1564 vir

198 1589 457 1650 litteratus,
497 1590 723 1657 magister
761 1591 1006 1658 egregius,
1041 1593 1226 1658 patiens
1265 1600 1313 1643 et
1351 1594 1619 1652 modestus,

198 1665 388 1718 huuailis
402 1667 464 1717 ad
482 1684 667 1728 omnes,
687 1675 876 1719 sanctos
890 1669 1070 1719 habens
1087 1687 1265 1731 moreS,
1284 1671 1392 1731 iste,
1408 1672 1620 1738 inquam,

199 1743 452 1796 honoravit
486 1746 684 1796 clericos
713 1764 860 1813 super
885 1765 1052 1799 omnes
1077 1749 1288 1799 ordines.
1329 1751 1467 1810 Quasi
1502 1767 1625 1800 unus

203 1821 266 1873 de
288 1821 518 1873 fratribus
542 1830 640 1873 tam
666 1841 754 1890 per
778 1825 904 1874 diem
929 1843 1073 1891 quam
1089 1843 1178 1891 per
1198 1832 1387 1876 noctem
1402 1827 1626 1893 frequen-

199 1899 320 1951 tavit
341 1901 634 1962 aecclesiam,
663 1909 712 1951 et
736 1903 1063 1968 possessiones
1086 1904 1188 1971 ejus
1212 1906 1539 1971 augmentavit
1562 1905 1623 1954 de

199 1976 339 2027 bonis
357 1979 720 2044 temporalibus.
749 1980 816 2029 Nil
849 1981 1070 2047 exigebat
1099 1988 1262 2047 preter
1284 1982 1537 2032 obsonium
1564 1983 1625 2032 de

200 2057 634 2107 consecrationibus
655 2058 978 2108 ecclesiarum.
999 2061 1172 2109 Omnes
1197 2060 1436 2126 subjectos
1459 2077 1624 2126 pasce-

200 2132 284 2183 bat
311 2139 360 2183 et
391 2134 734 2201 multiplicabat
764 2135 812 2184 in
849 2136 1079 2186 doctrinis
1111 2137 1363 2187 celestibus
1394 2137 1625 2203 quemad-

200 2211 398 2262 modum
422 2212 574 2278 pascit
597 2218 646 2262 et
675 2213 955 2280 multiplicat
979 2231 1095 2264 oves
1120 2232 1229 2264 suas
1252 2220 1419 2280 pastor
1446 2215 1620 2266 bonus,

250 2373 285 2411 1.
313 2371 447 2422 Comp.
469 2373 562 2412 (ἔσει.
583 2375 765 2420 Lietberti,
789 2386 829 2412 n.
853 2376 960 2415 16-23
980 2381 1031 2425 (p.
1048 2376 1220 2421 494-496)
1236 2381 1274 2415 et
1286 2378 1380 2416 Gest.
1396 2377 1555 2416 &erardi
1569 2379 1618 2423 II,

201 2444 241 2471 n.
265 2434 330 2472 1-4
354 2434 403 2482 (p.
424 2433 523 2481 498).

248 2492 284 2530 2.
313 2492 446 2542 Comp.
470 2493 558 2543 plus
577 2493 673 2532 haut
691 2495 785 2533 Gest.
806 2496 988 2541 Galcheri‚
1012 2501 1079 2535 str.
1101 2497 1146 2535 88
1166 2501 1205 2536 et
1224 2498 1307 2536 576.

249 2552 284 2591 3.
312 2552 403 2591 Une
428 2554 650 2602 exemption
674 2554 725 2592 du
755 2557 884 2594 meme
908 2567 1027 2604 genre
1052 2557 1198 2595 semble
1223 2558 1329 2595 avoir
1354 2556 1414 2594 ete
1442 2555 1624 2595 accordee

202 2623 299 2661 pour
314 2624 370 2650 un
389 2616 514 2662 temps
533 2614 555 2650 ὲ
574 2613 722 2663 l’eglise
741 2614 789 2653 de
810 2615 980 2654 Tournai
1006 2628 1075 2665 par
1100 2616 1135 2655 le
1160 2619 1288 2654 meme
1308 2627 1405 2665 pape
1430 2615 1565 2653 Pascal
1584 2615 1622 2652 11

204 2671 402 2719 (Hermen.
424 2672 604 2722 Tornac.‚
624 2675 791 2712 Restaur.
813 2677 895 2713 abb.
917 2677 956 2714 S.
978 2678 1158 2722 Martini,
1186 2688 1225 2714 n.
1249 2677 1293 2714 98
1315 2681 1427 2724 extr.,
1458 2687 1494 2723 p.
1520 2675 1625 2723 920),

203 2742 354 2770 comme
380 2744 458 2771 une
485 2734 778 2782 compensation
806 2746 856 2773 ou
887 2747 965 2774 une
994 2742 1095 2774 sorte
1125 2736 1172 2774 de
1197 2736 1418 2784 mitigation
1444 2734 1491 2772 de
1519 2734 1626 2772 l’etat

203 2790 452 2830 d'inferiorite
471 2795 522 2831 οὺ
542 2792 580 2831 la
598 2794 751 2832 mettait
770 2806 842 2833 son
861 2796 983 2834 union
1009 2808 1102 2835 avec
1125 2796 1162 2834 le
1182 2796 1287 2844 siege
1306 2795 1353 2833 de
1372 2795 1512 2844 Noyon
1532 2805 1624 2833 sous

202 2849 375 2900 l’eveque
395 2851 442 2891 de
461 2857 561 2891 cette
581 2853 759 2892 derniere
780 2854 882 2893 ville.
