2092 3490
489 330 545 364 162
1120 331 1254 365 GESTA

743 420 780 468 si
806 420 930 468 enim
954 419 1146 468 daretur
1170 420 1364 471 facultas
1390 423 1583 487 presuli,

677 503 834 561 sperat
858 497 1056 562 quisque
1081 497 1170 546 sibi
1193 498 1283 547 hoc
1306 498 1432 548 idem
1456 501 1577 550 fieri.

740 576 911 622 Omnes
936 574 1219 623 maledicunt
1242 581 1341 624 tam
1365 576 1538 626 durum
1561 578 1816 637 hominem,

515 652 576 698 95
674 650 932 700 multorum
956 651 1204 700 criminum
1228 652 1395 702 dantes
1418 654 1697 704 calumniam
1726 673 1736 704 :

739 744 789 776 se
815 728 947 777 multi
971 729 1214 794 perjurant
1237 746 1327 794 pro
1351 730 1439 779 hac
1464 731 1653 792 duritia,

673 804 911 869 fidemque
937 806 1157 855 amittunt
1181 823 1271 871 pro
1295 807 1382 856 hac
1407 808 1631 873 nequitia.

739 881 905 930 Infelix
929 899 1101 932 exosus
1125 883 1230 932 talis
1255 883 1506 950 episcopus

674 964 726 1008 ut
748 959 893 1018 intus,
922 959 1083 1009 odium
1107 960 1250 1009 habet
1274 961 1583 1012 extrinsecus.

481 1131 632 1186 Quod
651 1132 971 1188 Gera[r]dus
988 1133 1436 1178 Malus-filiaster
1455 1145 1576 1179 eum
1595 1135 1883 1181 invaserit.

482 1280 574 1326 ’100
740 1279 976 1329 Gerardus
999 1280 1171 1328 etenim
1195 1279 1577 1330 Malus-filiaster1
1630 1305 1633 1308 ¹

672 1357 909 1420 presulem
934 1362 1097 1405 contra
1121 1373 1172 1405 se
1197 1358 1257 1407 ad
1282 1357 1402 1406 iram
1426 1363 1695 1423 promovet.

738 1437 854 1482 Nam
879 1451 989 1483 suos
1015 1435 1229 1483 homines
1251 1434 1428 1499 ubique
1453 1435 1621 1501 arripit

674 1515 814 1576 atque
838 1511 1074 1561 redimere
1095 1529 1183 1577 per
1206 1529 1353 1576 penas
1379 1513 1550 1578 arguit,

737 1593 961 1652 taxatque
985 1589 1188 1638 rusticos
1212 1589 1294 1653 qui
1318 1606 1427 1638 eum
1452 1590 1672 1638 invocant

484 1666 576 1712 405
675 1671 724 1713 et
748 1666 829 1730 qui
854 1666 1088 1715 aecclesiis
1113 1672 1383 1715 sanctorum
1407 1667 1663 1732 pertinent.

741 1745 860 1808 Sepe
886 1761 914 1791 a
939 1743 1147 1792 Gerardo
1171 1743 1370 1807 requirit
1393 1743 1605 1808 pontifex

675 1823 728 1867 ut
751 1819 840 1869 sibi
864 1818 998 1867 liberi
1022 1819 1282 1868 reddantur
1306 1819 1517 1868 homines

739 1895 1038 1963 fidejussione
1062 1897 1138 1946 vel
1161 1896 1448 1956 vadimonio,

674 1972 758 2022 sed
782 1973 859 2022 ille
882 1980 1105 2023 neutrum
1128 1973 1239 2022 facit
1264 1974 1507 2039 episcopo.

483 2051 575 2098 ’ΜΟ
740 2050 832 2099 Sed
858 2051 1013 2115 querit
1037 2051 1213 2101 trevias
1236 2051 1358 2100 inter
1384 2068 1434 2099 se
1460 2050 1618 2108 statui,

529 2234 563 2270 1.
591 2232 733 2270 Gerard
754 2233 800 2270 de
821 2234 1126 2281 Saint-Aubert‚
1149 2235 1325 2281 seigneur
1344 2233 1391 2271 de
1410 2232 1634 2280 Busignies‚
1656 2231 1797 2280 epousa
1816 2231 1886 2268 Er-

481 2291 705 2339 mengarde,
732 2292 809 2329 fille
835 2292 881 2329 de
900 2293 1059 2340 Hugues
1085 2293 1124 2329 II
1151 2293 1285 2341 d'Oisy
1305 2293 1369 2340 (V.
1396 2293 1483 2340 plus
1510 2292 1577 2328 bas
1602 2292 1692 2329 Gest.
1721 2291 1883 2335 Nicolai,

482 2355 546 2387 str.
571 2351 738 2389 209-210.
752 2354 889 2390 —Rec.
912 2354 970 2388 des
990 2354 1083 2389 Hist.
1104 2354 1146 2389 de
1163 2354 1240 2396 Fr„
1262 2357 1291 2389 t.
1307 2351 1420 2399 XIII,
1438 2363 1476 2399 p.
1491 2351 1574 2398 270,
1591 2351 1706 2398 note).
1729 2349 1887 2397 D’apres

482 2409 642 2447 l’auteur
660 2410 710 2447 du
730 2421 864 2448 roman
883 2410 930 2448 de
950 2410 1070 2448 Gilles
1091 2411 1138 2448 de
1157 2411 1256 2448 Chin
1279 2411 1359 2457 (Ed.
1382 2410 1428 2448 de
1449 2409 1710 2457 Reiffenberg‚
1737 2419 1773 2446 v.
1795 2408 1886 2445 431-

481 2469 564 2517 433,
586 2481 620 2517 p.
647 2470 722 2518 17),
749 2481 800 2507 on
827 2469 880 2507 lui
900 2470 1027 2507 donna
1046 2469 1081 2507 le
1102 2480 1259 2507 surnom
1279 2469 1326 2507 de
1345 2468 1565 2506 Malfilastre
1584 2479 1632 2505 ou
1652 2466 1885 2512 Maufilatre‚

481 2531 592 2565 Parce
609 2541 676 2575 que
695 2531 846 2575 faunoz'e
865 2530 993 2578 (renie)
1018 2531 1151 2577 (comp.
1174 2530 1353 2568 Glossaire
1372 2539 1449 2565 aum
1467 2538 1617 2564 romans
1636 2528 1688 2563 du
1707 2527 1887 2563 chevalier

481 2590 531 2624 du
553 2588 671 2635 nyne
689 2593 723 2626 et
741 2591 782 2625 de
802 2590 911 2627 Gilles
930 2591 972 2626 de
992 2590 1097 2634 Chin,
1121 2600 1189 2636 par
1209 2589 1295 2625 Em.
1317 2588 1476 2634 Grachet‚
1499 2599 1535 2636 p.
1559 2586 1639 2632 761)
1661 2588 1784 2623 l’avoit
1805 2586 1887 2632 (son

481 2647 580 2696 pere)
603 2648 726 2692 Quant
743 2650 787 2694 fu
802 2651 895 2695 petis
915 2652 948 2685 et
967 2660 1012 2685 en
1032 2650 1196 2694 enfance.
1217 2648 1272 2685 Le
1287 2647 1507 2695 Carpentier
1523 2647 1625 2693 (Hist.
1643 2647 1685 2681 de
1698 2644 1882 2687 earnm-ai,

481 2711 578 2754 part.
598 2707 630 2754 I,
651 2719 686 2755 p.
712 2707 792 2749 235)
815 2707 942 2744 donne
962 2719 1036 2745 une
1055 2707 1287 2756 explication
1313 2707 1438 2744 moins
1458 2703 1746 2743 vraisemblable
1772 2702 1819 2740 de
1843 2712 1886 2740 ce

482 2778 638 2804 surnom
658 2778 707 2804 en
726 2767 854 2804 disant
872 2767 964 2816 qu'il
986 2767 1169 2815 signifiait
1187 2770 1356 2803 mauvais
1376 2768 1517 2803 homme
1532 2769 1570 2802 et
1583 2763 1675 2812 qu’il
1689 2763 1746 2800 fut
1758 2762 1884 2800 donne

482 2826 504 2863 ὸ,
525 2825 665 2863 Gerard
686 2828 709 2862 ὰ
728 2838 832 2864 cause
851 2827 943 2873 qu'z'l
962 2829 1153 2873 querelloz't
1174 2829 1355 2873 tousJours
1375 2828 1423 2862 les
1442 2825 1738 2870 ecclesiastiques.
