2092 3490
854 339 1036 373 NlGOLAl.

531 434 578 477 et
603 428 775 493 quibus
799 430 959 494 presul
984 429 1180 479 credere

531 505 591 555 de
616 506 825 572 perfecta
851 506 1001 572 possit
1024 523 1158 572 pace.

238 582 335 633 249
597 586 716 632 Ecce
740 583 878 633 simul
902 584 1189 633 conveniunt

533 661 711 726 presul,
741 664 918 727 Symon
942 662 1002 712 ad
1027 662 1276 712 Thumium
1307 680 1317 711 :

530 739 672 788 offert
696 740 857 804 presul
883 740 999 789 dare
1024 745 1250 799 cast-rum,

531 818 709 882 Symon
733 817 897 882 nequit
922 817 1056 882 sequi
1082 824 1292 883 pactum.
1340 860 1344 863 μ

238 895 334 946 250
597 896 714 943 Nam
739 894 798 943 de
825 894 995 944 casatis
1020 895 1241 944 omnibus

532 977 581 1020 et
603 972 806 1036 presulis
829 971 1100 1022 hominibus

535 1066 631 1098 non
654 1050 756 1099 vult
779 1067 883 1099 esse
905 1050 1047 1100 obses
1070 1067 1193 1100 unus

532 1143 623 1191 pro
648 1127 868 1193 Symonis
893 1127 1203 1192 profectibus.

239 1205 326 1255 25⁴
599 1204 842 1254 Adductos
866 1222 1028 1256 secum
1052 1205 1225 1256 milites

533 1282 674 1331 offert
697 1285 875 1350 Symon
899 1284 948 1332 in
973 1284 1182 1342 obsideS‚

533 1360 616 1410 sed
643 1360 704 1410 ad
728 1366 882 1410 tantas
907 1362 1187 1427 sponsiones

533 1455 704 1503 parum
728 1446 864 1488 erant
888 1439 1155 1488 credibiles.

239 1511 336 1567 252
599 1516 737 1566 Inde¹
766 1522 905 1583 capto
931 1516 1126 1566 consilio

532 1611 620 1660 per
644 1594 841 1644 clericos
866 1600 914 1644 et
937 1595 1081 1644 laicos

533 1672 675 1721 offert
699 1672 895 1722 antistes
921 1673 1068 1722 tercio

533 1749 777 1798 castellum
801 1744 963 1815 nepoti
989 1767 1093 1800 suo.

138 1819 142 1822 ⁴
238 1827 335 1877 253
598 1830 802 1878 Vocatus
827 1829 1002 1892 Symon
1027 1827 1201 1877 totiens

532 1911 836 1954 revocantem
858 1905 1123 1971 despiciens

534 1998 628 2030 non
654 1982 756 2032 vult
780 1983 944 2033 audire
969 1984 1211 2049 presulem

533 2076 622 2108 nec
646 2078 674 2108 a
699 2077 750 2109 se
774 2061 974 2110 missum
998 2062 1289 2127 quempiam.

239 2136 338 2188 254
599 2141 683 2188 Est
705 2145 869 2203 presto
890 2140 1052 2204 presul
1078 2139 1298 2199 reddere,

531 2221 696 2280 presto
718 2218 894 2282 Symon
918 2217 1133 2283 recipere
1164 2236 1174 2266 :

533 2293 619 2342 sed
644 2294 836 2344 obsides
860 2295 1060 2346 fiduciae

534 2388 630 2420 non
655 2372 877 2423 videntur
901 2376 1135 2425 sufficere.

330 2523 484 2578 Quod
508 2524 935 2572 cameracenses
963 2528 1218 2572 comitem
1241 2527 1567 2573 Balduinum

508 2596 614 2640 sibi
639 2598 996 2644 adsciverunt
1019 2600 1076 2644 in
1103 2600 1384 2645 auxilium.

241 2724 338 2775 255
603 2727 741 2779 Vadit
764 2731 940 2796 Symon
965 2730 1219 2781 iracundus

292 2858 326 2895 1.
353 2857 410 2896 La
428 2857 574 2907 syllabe
593 2860 637 2895 de
656 2864 715 2898 est
733 2860 830 2899 dans
849 2862 884 2899 le
903 2873 976 2900 ms.
999 2862 1198 2900 au-dessus
1219 2862 1266 2901 de
1287 2862 1323 2900 la
1344 2862 1461 2911 ligne.

1424 2924 1467 2961 14

1592 343 1653 378 209
