2092 3490
473 344 511 378 24

475 434 491 479 1
504 434 566 483 27

470 739 561 788 128

467 1047 560 1097 129

466 1357 558 1403 130

463 1665 545 1711 131

461 1972 553 2021 432

459 2281 549 2327 133

456 2584 549 2634 134

1102 340 1235 374 GESTA

830 434 936 480 Mox
963 422 1205 478 castellum
1226 430 1285 478 de
1309 429 1540 489 Rumelih‚

760 507 888 572 quod
915 511 1145 556 Manasses
1170 506 1370 556 instituit

761 589 868 633 ante
893 584 1062 633 urbem
1087 584 1339 639 Gameraci,

759 662 886 711 idem
912 661 1087 710 assultu
1112 661 1309 725 appetit.

822 737 1061 787 Assultum
1085 737 1255 802 prebet
1280 737 1437 802 sepius

756 814 881 863 intus
907 814 997 862 illic
1020 813 1313 863 morantibus

758 891 979 939 maleficis
1003 890 1310 955 predonibus,

758 974 935 1016 terram
958 974 1108 1016 totam
1132 968 1439 1017 vastantibus.

820 1049 1110 1109 Frequenter
1133 1045 1236 1094 illos
1260 1045 1418 1093 visitat

757 1128 908 1181 scuto,
938 1140 1050 1172 ense
1074 1127 1122 1171 et
1146 1123 1296 1189 galea,

755 1199 953 1265 sagittis,
982 1200 1106 1265 igne,
1134 1200 1319 1257 lancea;

756 1276 839 1325 sed
864 1293 959 1325 non
983 1277 1185 1341 prosunt
1209 1277 1295 1325 hec
1319 1277 1491 1326 omnia.

819 1357 931 1402 Erat
955 1354 1078 1402 enim
1102 1354 1211 1402 villa
1234 1353 1387 1412 fortis,

752 1431 875 1479 vallo
896 1432 1075 1480 munita
1099 1437 1146 1479 et
1170 1431 1336 1489 foveis,

755 1508 803 1556 in
826 1508 1062 1572 profundo
1086 1508 1308 1557 terribilis

752 1591 799 1633 et
822 1585 871 1633 in
895 1585 988 1634 alto
1013 1585 1256 1634 mirabilis.

817 1662 1037 1726 Superbit
1058 1663 1166 1711 inde
1192 1666 1441 1722 Manasses,

752 1739 1031 1804 superbiunt
1055 1744 1102 1788 et
1126 1739 1395 1804 complices,

749 1816 919 1864 crescit
943 1832 1108 1865 eorum
1133 1816 1287 1864 rabies

750 1899 914 1942 contra
937 1897 1085 1942 Deum
1110 1899 1158 1942 et
1180 1910 1429 1958 pauperes.

815 1973 943 2018 Hanc
967 1970 1149 2019 rabiem
1170 1970 1391 2019 continuo

749 2047 906 2095 divina
930 2047 1097 2096 stravit
1120 2047 1252 2106 ultio,

748 2124 902 2172 occiso
927 2124 1047 2173 forte
1068 2124 1223 2189 gladio

745 2204 955 2251 Manasse
981 2201 1323 2250 crudelissimo.

811 2281 911 2337 Quo
937 2278 1173 2335 defuncto,
1202 2294 1315 2326 mox
1338 2279 1556 2327 Galcerus

746 2355 854 2403 fecit
880 2360 1086 2403 castrum
1111 2371 1219 2402 cum
1241 2354 1460 2403 domibus

746 2431 982 2496 extirpare
1007 2431 1229 2479 radicitus

743 2509 851 2575 igne
875 2509 1165 2573 consumptis
1191 2508 1426 2558 omnibus.

808 2586 1112 2636 Munitionem
1137 2586 1292 2644 aliam,

744 2663 893 2711 Salcih
916 2664 1151 2711 latronum
1176 2663 1376 2721 foveam,

744 2757 835 2804 que
860 2739 978 2788 hanc
1004 2739 1217 2788 vastabat
1240 2740 1443 2804 patriam

742 2817 865 2881 cepit
889 2834 976 2881 per
999 2816 1335 2866 fortitudinem.
