2092 3490
514 356 553 390 82
1041 352 1043 354 ’
1141 353 1277 387 GESTA

515 433 599 480 471
867 432 984 478 Ecce
1009 430 1068 477 ad
1095 425 1435 478 restituendum

803 505 1077 555 Galcherum
1101 505 1149 553 in
1174 505 1463 570 episcopum,

802 582 841 631 si
865 582 977 630 velit
1000 581 1338 647 magisterium,

799 659 978 708 nullum
1003 663 1149 707 restat
1172 658 1481 707 obstaculum.

511 738 606 789 472
864 736 1060 785 Restitui
1082 736 1179 801 jam
1203 735 1379 800 poterit

801 813 839 862 si
862 816 958 861 Deo
982 813 1071 862 hoc
1094 812 1322 877 placuerit
1349 829 1359 859 ε

801 906 909 938 nam
934 906 1072 939 nemo
1098 895 1170 938 est
1195 889 1276 954 qui
1301 905 1395 937 non
1419 888 1531 937 velit

800 976 845 1016 et
871 967 1022 1016 nullus
1045 967 1154 1016 inde
1178 966 1394 1015 contrait.

576 1125 658 1167 De
689 1120 960 1178 legatione
989 1123 1243 1167 Galcheri
1264 1123 1343 1168 xad
1372 1122 1841 1176 archiepiscopum

1113 1195 1298 1238 missa.

510 1328 603 1376 473
864 1332 989 1377 Tunc
1014 1328 1266 1376 Galcherus
1290 1327 1413 1375 inter
1437 1343 1545 1377 eum

535 1394 539 1398 ’
800 1410 940 1469 atque
964 1404 1367 1469 archiepiscopum

797 1482 1034 1531 Ansellum
1058 1481 1186 1529 misit
1209 1481 1419 1529 medium

798 1558 1034 1622 quendam
1059 1557 1453 1606 archidiaconum.

508 1636 603 1685 474
861 1638 950 1683 Per
974 1639 1182 1682 mentem
1207 1634 1343 1683 valde
1369 1634 1627 1700 simplicem

796 1710 914 1775 petit
937 1710 1324 1769 misericordiam,

799 1793 902 1835 orat
925 1804 1013 1851 per
1035 1788 1236 1835 frontem
1260 1788 1483 1837 hnmilem

797 1864 1182 1930 transgressionis
1207 1864 1410 1913 veniam.

506 1942 600 1989 475
861 1941 992 1990 Unde
1015 1941 1162 1989 iratus
1186 1942 1392 2007 graviter

796 2021 1052 2067 Remorum
1075 2019 1236 2082 presul
1262 2022 1493 2068 Manasses

796 2095 1033 2144 Ansellum
1056 2095 1128 2143 his
1151 2095 1401 2143 crudeliter

795 2171 1036 2235 responsis
1061 2172 1287 2220 allocutus
1313 2178 1384 2220 est
1414 2189 1424 2219 ε

505 2247 598 2295 476
859 2248 951 2296 Pro
977 2247 1074 2306 hoc,
1102 2248 1302 2305 Anselle,
1331 2249 1487 2296 nuntio

794 2331 836 2372 te
862 2331 1000 2372 totum
1025 2326 1353 2373 eoecommunico

794 2403 873 2465 qui
897 2402 1036 2450 audes
1064 2402 1186 2466 loqui
1209 2402 1353 2450 denuo

794 2480 850 2527 de
875 2478 1134 2528 antichristi
1157 2479 1272 2542 filio,

505 2631 611 2664 notre
630 2625 853 2674 chronique,
874 2626 920 2663 ils
942 2631 1028 2663 sont
1048 2626 1277 2673 posterieurs
1297 2625 1320 2662 ὲ.
1338 2626 1375 2662 la
1393 2623 1676 2662 reconciliation
1694 2623 1741 2661 de
1759 2622 1902 2671 l'eglise

503 2686 549 2723 dc
575 2685 748 2722 Cambrai
777 2696 846 2733 par
873 2685 1133 2733 l'archeveque
1161 2683 1207 2722 de
1234 2684 1381 2722 Reims.
1412 2684 1465 2721 Or
1491 2688 1589 2721 cette
1617 2681 1903 2720 reconciliation

503 2746 609 2782 n'eut
632 2745 709 2782 lieu
735 2756 809 2793 que
835 2745 870 2781 16
895 2745 939 2782 20
968 2744 1179 2792 septembre
1208 2743 1297 2780 1103
1320 2744 1367 2791 (v.
1390 2744 1474 2791 plus
1496 2743 1590 2785 haut
1608 2746 1675 2780 str.
1699 2742 1780 2790 437)
1801 2746 1839 2779 ct
1858 2752 1901 2779 ce

503 2803 601 2841 n'est
619 2803 732 2851 qu’en
747 2803 874 2851 juillet
893 2803 983 2840 1105
1003 2814 1077 2851 que
1096 2814 1136 2840 se
1162 2802 1205 2839 fit
1230 2801 1419 2840 l'clection
1443 2801 1590 2840 d'Odon
1616 2812 1710 2849 pour
1735 2800 1771 2838 16
1796 2800 1899 2847 siege

505 2862 550 2899 de
571 2862 742 2899 Cambrai
766 2864 816 2908 (v.
837 2861 922 2910 plus
942 2861 1007 2898 has
1028 2866 1093 2898 str.
1115 2861 1211 2906 491).
