2092 3490
480 350 518 383 44

479 595 573 643 250

475 901 559 950 251

474 1208 570 1257 252

472 1513 565 1563 253

471 1821 567 1871 254

471 2133 566 2181 255

521 2374 554 2410 1.
582 2374 637 2411 Le
656 2374 697 2412 21
717 2373 866 2422 Janvier
885 2374 996 2422 1096,
1023 2374 1168 2422 d'apres
1186 2374 1224 2412 13
1243 2375 1352 2411 lettre
1371 2373 1422 2411 du
1442 2374 1612 2422 chapitre
1630 2374 1677 2412 de
1696 2374 1832 2413 Reims
1849 2375 1872 2412 ὲ,

470 2433 651 2470 Lambert
670 2433 813 2482 eveque
833 2433 990 2471 d’Arras
1012 2435 1164 2482 (Recueil
1183 2435 1242 2470 des
1266 2435 1470 2470 Historiam
1489 2436 1530 2471 de
1553 2436 1702 2479 Franco,
1725 2439 1753 2472 t.
1776 2433 1869 2484 XV,

472 2503 509 2540 p.
533 2492 628 2540 179).
655 2493 709 2530 Le
728 2492 869 2530 nouvel
885 2492 948 2530 elu
966 2505 992 2541 y
1011 2497 1068 2530 est
1087 2492 1219 2541 appele
1244 2494 1426 2530 Manasses
1449 2495 1679 2540 praepositus
1707 2496 1872 2531 ecclesiae
1910 2498 1911 2501 ’

470 2555 628 2588 nostrae.

517 2610 552 2647 2.
577 2610 785 2648 L'election
804 2611 850 2649 de
868 2611 1064 2648 Manasses
1083 2610 1123 2647 H
1143 2610 1258 2648 suivit
1277 2610 1324 2648 de
1343 2612 1418 2648 tres
1438 2612 1524 2659 pres
1548 2610 1585 2648 la
1606 2615 1707 2649 mort
1731 2610 1778 2649 de
1803 2622 1873 2650 son

469 2669 749 2717 predecesseur,
770 2670 942 2718 puisque,
965 2670 1074 2718 apres
1094 2669 1230 2718 qu'elle
1252 2674 1316 2706 eut
1335 2669 1394 2706 ete
1410 2669 1614 2707 confirmee
1630 2681 1698 2718 par
1713 2670 1748 2707 le
1762 2681 1871 2718 pape,

471 2738 514 2765 ce
534 2727 654 2775 prelat
673 2727 730 2765 fut
743 2728 911 2765 ordonne
925 2728 1050 2765 diacre
1064 2727 1100 2764 13
1116 2728 1299 2776 premiere
1319 2728 1489 2765 semaine
1503 2728 1554 2765 du
1567 2730 1727 2776 careme,
1748 2730 1872 2776 pretre
1919 2762 1924 2768 .

470 2787 490 2822 a
504 2786 540 2822 la
551 2787 786 2836 mi-careme,
803 2792 841 2825 et
854 2787 957 2825 enfin
971 2788 1149 2825 consacre
1162 2787 1304 2836 eveque
1319 2787 1354 2825 le
1368 2787 1571 2825 dimanche
1584 2787 1630 2824 de
1643 2787 1681 2825 la
1693 2787 1868 2835 passion,

1114 346 1249 380 GESTA

769 437 1069 488 Remensium
1093 437 1380 503 episcopus¹.

769 515 850 564 Cui
878 513 1101 563 successit
1124 514 1240 563 alius

834 592 881 639 in
907 590 1307 656 archiepiscopatu

768 668 849 733 qui
873 671 1106 716 Manasses
1129 668 1416 733 appellatur²

766 745 981 809 equivoci
1005 745 1260 794 avunculus

765 825 973 872 Manasse
999 822 1058 872 de
1083 839 1178 887 quo
1204 822 1468 873 scribimus.

829 900 913 948 Hic
937 899 1226 965 archipresul
1252 899 1393 948 etiam

763 976 883 1024 hanc
906 976 954 1026 in
980 976 1135 1025 banno
1161 977 1405 1026 ecclesiam

766 1053 833 1101 sic
857 1058 987 1102 tenet
1009 1059 1209 1119 propter
1232 1056 1492 1104 Manassem

766 1130 885 1178 sicut
908 1130 1088 1179 invenit
1112 1131 1332 1196 positam.

830 1207 947 1255 Hinc
972 1207 1182 1256 Galcheri
1207 1208 1416 1273 episcopi

762 1284 1038 1334 colletantur
1062 1286 1295 1345 malevoli,

762 1361 844 1425 qui
867 1362 1097 1427 cogitatus
1121 1362 1263 1411 animi

762 1438 1093 1488 desiderabant
1114 1439 1296 1504 perfici.

827 1519 943 1564 Nam
968 1522 1102 1565 erant
1125 1517 1173 1565 in
1198 1518 1443 1583 angustiis,

761 1593 810 1641 in
833 1593 1074 1642 laboribus
1098 1594 1330 1658 plurimis,

763 1670 928 1719 diebus
953 1671 1001 1719 in
1026 1672 1247 1730 consiliis,

763 1747 980 1797 noctibus
1002 1748 1050 1796 in
1076 1749 1306 1813 suspiriis,

829 1830 1090 1875 scrutantes
1113 1831 1271 1874 mente
1296 1826 1491 1875 subdola

762 1918 855 1965 qua
878 1901 1051 1961 fronte,
1080 1919 1173 1967 qua
1197 1903 1390 1952 audacia

761 1979 920 2043 presul
946 1980 1196 2029 Galcherus
1220 1980 1373 2029 valeat

761 2055 821 2104 ab
846 2056 932 2105 hac
956 2057 1126 2121 expelli
1150 2057 1321 2122 patria.

828 2133 997 2183 Audite
1022 2150 1125 2181 rem
1149 2133 1412 2182 mirabilem

763 2214 811 2258 et
834 2210 1034 2259 multum
1060 2210 1390 2268 execrabilem,

471 2846 516 2884 30
534 2857 637 2885 mars
658 2846 749 2885 1096
770 2848 903 2894 (Ibid.).
