2092 3490
488 365 529 400 40
1124 358 1259 392 GESTA

780 451 906 500 dicto
932 449 992 497 de
1016 448 1094 496 illo
1119 448 1359 512 quomodo

780 527 841 575 sit
866 530 1022 574 actum
1047 525 1095 572 in
1121 524 1332 573 concilio.

489 608 574 657 224
846 601 1061 651 Narravit
1084 601 1209 649 enim
1234 601 1407 650 omnia.

781 679 873 728 Sed
898 695 1006 727 cum
1032 677 1184 726 clerus
1209 683 1256 726 et
1280 677 1415 742 plebs
1438 682 1537 727 tota

780 757 909 806 audit
933 756 1060 821 quod
1086 773 1176 821 pro
1199 757 1397 820 pecunia

779 834 1001 883 distracta
1027 833 1087 882 sit
1106 833 1308 899 justicia,

489 914 585 963 222
847 911 1088 961 Urbanum
1112 909 1422 975 apostaticum

782 987 1081 1046 maledicunt,
1111 986 1377 1052 despiciunt

781 1069 830 1113 et
852 1064 895 1113 ei
919 1081 1014 1113 non
1039 1063 1283 1122 obediunt,

779 1142 903 1207 patri
927 1142 1153 1192 Galchero
1177 1141 1424 1190 consulunt

489 1219 584 1270 223
846 1236 904 1267 ne
927 1218 991 1266 illi
1015 1218 1096 1268 det
1120 1218 1400 1283 obsequium

780 1312 866 1344 nec
890 1295 1064 1360 presuli
1089 1295 1391 1344 Remensium

780 1373 931 1421 donec
950 1372 1151 1421 reddant
1172 1372 1230 1420 ad
1257 1372 1492 1438 integrum

782 1450 1019 1501 Gameraci
1044 1450 1360 1498 Attrebatum.

490 1527 586 1580 224
847 1530 947 1586 Quo
969 1544 1057 1591 per
1081 1543 1162 1575 eos
1187 1526 1386 1575 diffinito

781 1609 827 1652 et
851 1604 945 1653 fide
969 1609 1015 1652 et
1041 1608 1333 1652 sacramento

780 1680 940 1746 presul
966 1680 1218 1730 Galcherus
1242 1680 1401 1728 divino

782 1774 876 1806 non
901 1763 1054 1807 cessat
1076 1758 1136 1806 ab
1161 1757 1357 1806 offici01.

490 1838 586 1887 225
847 1835 939 1884 Sed
963 1835 1052 1883 hoc
1075 1834 1266 1899 quidem
1290 1833 1552 1892 consilium,

781 1911 900 1959 sicut
923 1910 1093 1976 agnovi
1119 1910 1441 1976 postmodum,

780 1988 991 2053 pontifici
1015 1988 1064 2036 in
1089 1987 1348 2036 maximum

781 2081 1063 2113 conversum
1086 2069 1158 2113 est
1182 2064 1487 2113 contrarium.

489 2142 585 2192 226
845 2144 962 2189 Nam
986 2141 1126 2190 Fulco
1150 2140 1473 2189 vicedominus

781 2222 921 2281 atque
945 2217 1021 2265 ille
1043 2217 1324 2275 Amohicus,

781 2309 924 2358 quem
949 2293 1188 2358 captivum
1213 2293 1429 2358 superius

780 2369 1058 2418 dissolverat
1082 2369 1349 2435 episcopuS,

489 2448 585 2498 227
845 2463 985 2511 quam
1011 2447 1171 2512 plures
1195 2464 1310 2495 vero
1334 2446 1409 2495 alii

778 2524 912 2573 istius
937 2525 1066 2573 urbis
1089 2525 1268 2590 populi,

537 2672 570 2708 1.
606 2671 712 2709 cette
744 2671 922 2710 conduite
953 2675 1218 2709 ouvertement
1245 2669 1516 2718 schismatique
1547 2669 1616 2707 dut
1646 2680 1735 2707 sans
1765 2680 1890 2707 aucun

488 2730 602 2768 doute
622 2730 766 2768 alif'aener
779 2731 801 2768 ὲ
815 2730 990 2768 Gaucher
1007 2730 1043 2767 la
1061 2730 1260 2768 meilleure
1279 2729 1398 2778 partie
1418 2729 1468 2766 du
1483 2729 1604 2777 elergd
1617 2733 1656 2766 et
1671 2728 1722 2766 du
1735 2728 1886 2777 peuple.

487 2789 606 2826 Aussi
624 2800 673 2827 ne
691 2790 726 2827 le
745 2790 891 2827 voit-on
909 2789 994 2838 plus
1014 2790 1129 2838 gulare
1149 2801 1189 2826 se
1209 2789 1379 2827 soutenir
1401 2799 1475 2837 que
1494 2799 1561 2836 par
1579 2788 1618 2826 la
1634 2787 1826 2835 violence,
1849 2792 1888 2826 et

488 2852 571 2885 tant
589 2860 663 2897 que
683 2848 835 2887 celle-ci
854 2860 894 2886 se
913 2848 1040 2887 faisait
1059 2848 1191 2886 sentir.
