2092 3490
244 437 305 484 59

244 747 305 794 60

245 1058 296 1105 61

246 1370 308 1420 62

247 1681 308 1729 63

247 1991 309 2040 64

249 2305 311 2352 65

252 2615 313 2662 66

759 341 1019 376 BURGHARDI.
1041 342 1081 374 11.

469 437 527 483 Et
550 439 602 483 ut
627 439 925 482 commoveat
949 432 1101 499 magis
1125 432 1428 492 discordiam,

405 511 820 562 Cameracensibus
843 511 1037 561 mittens
1061 511 1309 577 epistolam

404 607 492 656 per
518 607 640 656 pape
665 590 868 656 precipit
891 589 1209 639 obedientiam

405 672 458 716 ut
483 667 572 716 sibi
598 667 772 734 eligant
797 667 1051 717 honestum
1076 666 1333 732 presulem.

471 745 676 812 Injungit
699 745 843 794 etiam
867 745 916 793 vi
939 745 1198 810 apostolica

405 822 483 872 illa
508 823 675 872 electio
698 829 750 872 ut
774 824 856 872 fiat
881 828 1069 872 mortua

407 918 528 966 quae
552 901 684 967 prius
710 901 863 950 fuerat
888 918 1009 957 vane
1035 901 1298 966 composita

406 979 467 1028 de
491 979 598 1028 viro
622 980 703 1044 qui
730 979 859 1028 venit
883 997 911 1027 a
935 978 1063 1044 regis
1089 995 1293 1035 camera,

472 1073 616 1122 quem
640 1056 1019 1106 excommunicat
1043 1073 1100 1105 os
1126 1057 1438 1122 apostolicum

406 1139 453 1184 et
475 1151 567 1200 pro
591 1152 649 1184 eo
674 1135 868 1184 damnat
893 1151 1084 1183 omnem
1110 1134 1441 1195 domesticum,

408 1228 615 1277 suosque
640 1212 879 1278 principes
903 1218 951 1261 et
975 1229 1166 1262 omnem
1193 1213 1421 1279 populum

408 1291 489 1356 qui
516 1290 606 1340 sibi
631 1291 806 1340 faciunt
830 1291 976 1340 ullum
1003 1291 1268 1341 servitium.

474 1372 573 1418 Hoc
599 1371 961 1419 Cameracenses
986 1370 1163 1419 turbati
1187 1370 1353 1420 nuntio

408 1446 626 1495 cavillant
651 1464 772 1511 quae
793 1448 946 1513 possit
971 1448 1163 1498 obtendi
1189 1449 1310 1497 ratio

410 1540 470 1573 ne
493 1523 577 1573 fiat
598 1524 744 1573 altera
768 1526 919 1590 patris
945 1525 1110 1574 electio

410 1608 459 1651 et
482 1606 640 1651 tamen
667 1608 885 1652 servetur
912 1621 1063 1669 papae
1090 1603 1337 1671 subjectio⁴

475 1680 628 1740 Quare
653 1681 905 1731 aecclesiae
931 1682 1264 1741 archidiaconi,

409 1776 436 1807 a
461 1758 634 1823 quibus
659 1759 840 1809 consuli
866 1759 1011 1809 debet
1035 1765 1084 1809 et
1108 1762 1314 1828 protegi,

409 1837 568 1902 ipsum
592 1837 877 1887 conveniunt
903 1837 1053 1887 verbo
1077 1839 1294 1904 placabili

411 1915 652 1964 Cononem
677 1914 883 1981 legatum
909 1932 1062 1981 papae
1087 1916 1319 1966 catholici.

475 1991 832 2057 Ostenduntque
859 1992 949 2042 sibi
973 1993 1094 2043 dura
1119 1994 1274 2051 exilia,

410 2070 618 2135 rapinas,
647 2071 813 2135 prelia,
843 2076 1039 2131 mortes,
1070 2072 1285 2122 incendia

411 2164 533 2213 quae
558 2153 724 2197 cuncta
750 2165 840 2214 pro
866 2166 1018 2215 papae
1043 2150 1312 2199 obedientia

411 2227 820 2276 Cameracensium
847 2227 1015 2277 suffert
1041 2228 1255 2278 ecclesia.

478 2306 734 2353 Precantur
756 2310 810 2353 ut
834 2305 938 2353 illos
965 2305 1135 2354 saltem
1160 2305 1405 2363 sustineat,

412 2380 472 2434 de
497 2381 724 2431 electione
750 2399 837 2432 nec
862 2382 966 2432 illos
991 2389 1176 2450 arguat,

412 2458 564 2508 donec
585 2460 845 2525 prelibatus
871 2461 1174 2511 Burchardus
1199 2462 1362 2511 redeat

414 2542 462 2585 et
486 2554 611 2602 papa
636 2537 751 2602 quid
778 2538 868 2587 sibi
891 2539 1058 2588 fecerit
1082 2539 1271 2588 referat.

481 2615 526 2664 Si
552 2615 678 2664 enim
703 2622 884 2665 remeat
908 2617 1123 2683 ingratus
1149 2617 1332 2673 veniae,

415 2695 652 2742 Romanae
679 2694 830 2759 parati
856 2695 1154 2744 obedientiae
1184 2700 1186 2702 ’

417 2777 464 2819 et
489 2770 589 2836 ejus
613 2772 768 2838 legato
794 2773 932 2837 plene
959 2779 1174 2840 satagere

418 2848 588 2897 deinde
616 2850 855 2914 presulem
882 2852 1119 2916 spondent
1144 2852 1335 2917 eligere.

1568 343 1622 379 ¹51
