2092 3490
816 346 1042 382 GALGHERI.
1596 354 1637 388 29

516 435 668 503 sigillo
690 442 738 486 et
762 436 982 502 epistola¹

510 515 675 580 presul
697 516 943 566 Remensis
966 517 1187 566 mandata

510 594 752 660 complere
776 595 935 645 studet
957 595 1132 645 omnia.

219 674 313 722 158
575 675 694 722 Nam
718 673 838 723 sicut
860 691 951 739 per
974 674 1062 723 hos
1083 674 1283 734 monuit,

510 765 614 798 rem
638 750 851 800 Galcheri
875 750 1075 800 detinuit

510 832 558 877 et
581 830 844 878 Manassem
868 829 1094 889 cohibuit,

509 911 564 955 ut
589 923 795 971 sequens
819 907 940 956 ordo
965 907 1200 972 proderit.

219 984 312 1034 159
575 986 742 1032 Parata
765 989 868 1032 erat
891 984 1118 1034 Lauduno

511 1060 725 1111 Galcheri
749 1061 1037 1122 benedictio,

509 1155 619 1189 cum
644 1157 671 1188 a
694 1141 906 1189 Manasse
932 1140 1089 1190 emulo

509 1217 711 1266 infertur
732 1217 1060 1267 contradictio.

217 1296 313 1344 160
577 1295 870 1345 Contradixit
896 1296 1196 1361 presentibus

509 1372 710 1422 diocesis
734 1373 1005 1439 presulibus

509 1467 569 1500 ne
593 1468 740 1517 super
763 1468 874 1501 eum
897 1452 1119 1502 Galcerus

507 1529 757 1579 ordinetur
780 1530 1051 1596 episcopus,

218 1607 302 1656 161
575 1610 691 1667 IraS‚
718 1607 843 1667 lites,
872 1608 1108 1658 contraria

508 1702 631 1752 quae
654 1686 810 1736 intulit
835 1686 1105 1754 francigena

509 1781 600 1830 pro
626 1764 854 1815 electione
879 1782 964 1815 sua

510 1842 627 1908 quid
650 1843 884 1893 enarrabo
908 1843 1096 1892 omnia?

218 1919 313 1971 162
575 1920 742 1970 Statim
765 1937 906 1970 causa
930 1922 1178 1987 utriusque

508 1995 708 2047 diffinita
732 1998 957 2048 canonice

508 2074 569 2124 ab
592 2075 701 2142 ipso
725 2076 1046 2142 archipresule

507 2159 556 2203 et
579 2153 874 2204 confratrum
898 2155 1134 2214 examine,

216 2229 312 2278 163
574 2230 830 2281 Galcherus
853 2232 908 2281 fit
931 2232 1170 2299 legitimus

503 2308 644 2375 justis
668 2309 1023 2360 defensionibus

507 2391 556 2435 et
576 2389 813 2438 Manasses
837 2389 892 2437 fit
916 2388 1087 2439 obvius

262 2587 296 2626 1.
323 2587 462 2627 Aucun
480 2594 590 2628 autre
609 2590 819 2630 document
838 2603 887 2630 ne
911 2591 1017 2641 parle
1043 2592 1090 2630 de
1117 2596 1215 2629 cette
1241 2591 1351 2629 lettre
1371 2591 1559 2629 d'Urhain
1578 2591 1631 2628 II.

213 2645 298 2684 Ello
316 2657 366 2685 ne
384 2658 483 2686 nous
502 2653 562 2686 est
579 2659 731 2687 connue
745 2661 818 2699 que
838 2662 907 2699 par
926 2651 963 2687 la
983 2650 1144 2688 relation
1164 2651 1241 2687 tres
1262 2655 1437 2698 suspecte
1456 2650 1503 2687 de
1527 2654 1636 2687 notre

213 2705 475 2756 chroniqueur
493 2719 699 2758 anonyme.
722 2709 839 2748 Nulle
860 2716 961 2749 traco
982 2721 1060 2748 non
1080 2710 1165 2759 plus
1184 2710 1340 2747 ailleurs
1355 2710 1422 2748 des
1437 2710 1568 2748 lettres
1583 2710 1636 2747 du

211 2766 340 2803 meme
358 2777 456 2815 pape
475 2766 569 2804 dont
588 2767 625 2805 le
643 2767 796 2806 resume
816 2773 875 2806 est
894 2769 1022 2807 donne
1041 2769 1129 2818 plus
1149 2770 1216 2807 has
1237 2769 1317 2818 (str.
1336 2769 1491 2807 168-170
1506 2773 1545 2807 et
1564 2773 1630 2806 str.

215 2823 389 2863 171-174.
411 2845 459 2856 —·
478 2826 614 2876 Comp.
634 2828 740 2866 aussi
759 2828 846 2877 plus
866 2829 934 2867 bas
954 2828 992 2867 la
1012 2834 1079 2866 str.
1101 2829 1197 2876 210).
