2092 3490
800 351 1027 387 GALGHERI.
1580 356 1622 390 99

498 445 547 489 et
570 440 777 489 latrones
801 439 1160 507 dampnaverat,

207 522 301 568 567
566 535 733 568 omnes
757 519 952 584 quidem
977 525 1141 569 contra
1165 519 1295 569 illum

499 596 627 664 ligati
650 614 739 662 per
764 597 1028 664 conjurium

497 675 788 725 abstulerant
813 676 1106 742 presulatum

497 753 588 803 sibi
612 755 1038 804 Cameracensium.

204 831 298 879 568
561 834 621 881 Et
644 832 735 882 hoc
758 849 906 899 grave
931 833 1022 882 sibi
1047 838 1150 883 erat

497 910 627 975 quod
652 927 880 976 umquam
905 911 1229 977 presulaverat
1256 929 1266 959 :

496 1005 607 1037 nam
631 989 833 1054 proinde
857 988 1134 1054 perdiderat

496 1066 721 1131 quicquid
746 1071 855 1115 ante
879 1072 1114 1116 tenuerat.

202 1145 298 1191 569
559 1143 754 1193 Miratur
777 1144 1065 1210 apostolicus

495 1220 557 1270 de
582 1221 796 1272 Galcheri
821 1221 1065 1272 laboribus
1093 1240 1104 1271 ε

495 1298 625 1349 dolet
650 1300 780 1366 quod
806 1300 880 1350 vir
903 1306 1003 1350 tam
1028 1301 1238 1367 optimus

493 1377 582 1427 fuit
605 1394 835 1445 umquam
860 1379 1153 1445 depositus1.

201 1456 295 1505 570
560 1456 647 1515 Qui
672 1457 898 1522 quoniam
921 1474 1015 1506 non
1042 1457 1197 1523 potuit

494 1533 609 1583 dum
634 1535 796 1599 presul
822 1535 924 1585 Odo
948 1535 1099 1602 viguit

493 1612 740 1662 occasione
765 1613 867 1662 utili

492 1690 746 1756 episcopus
770 1692 971 1751 restitui,

199 1767 286 1816 57⁴
558 1769 791 1819 concessit
814 1787 939 1835 papa
964 1770 1102 1820 aliam

493 1846 584 1897 sibi
609 1848 984 1898 misericordiam

491 1930 694 1991 propter
718 1925 819 1992 ejus
843 1925 1135 1993 recognitam

489 2003 784 2069 paupertatis
809 2004 1066 2053 miseriam.

198 2080 295 2131 572
557 2080 732 2131 Reddit
755 2081 819 2130 illi
845 2081 1102 2141 custodiaS‚

490 2157 696 2208 honores
721 2164 770 2208 et
793 2160 1040 2209 canonicas

490 2240 539 2284 et
563 2236 791 2302 quicquid
815 2237 863 2285 in
891 2237 1088 2286 ecclesia

491 2314 704 2363 nondum
730 2315 888 2379 presul
917 2315 1166 2365 habuerat.

198 2390 259 2437 57
263 2390 292 2437 3
556 2394 617 2441 Ut
641 2396 799 2441 ratum
825 2392 886 2441 sit
910 2393 1040 2457 quod
1065 2392 1275 2443 reddidit

489 2474 668 2519 cartam
693 2488 819 2537 papa
844 2472 1114 2537 composuit

489 2553 538 2596 et
562 2547 717 2614 sigillo
741 2549 988 2599 roboravit

245 2697 280 2736 1.
305 2697 347 2737 si
375 2702 459 2738 tout
488 2711 531 2738 ce
559 2701 654 2739 recit
681 2707 740 2740 est
771 2703 867 2751 vrai‚
889 2725 934 2731 —-
955 2715 1019 2742 car
1046 2704 1096 2743 ici
1128 2716 1265 2744 encore
1297 2716 1374 2743 une
1406 2703 1479 2751 fois
1503 2709 1621 2743 notre

196 2762 335 2796 auteur
353 2759 488 2798 n'ecrit
506 2771 597 2799 sans
617 2761 732 2801 doute
751 2775 825 2812 que
845 2763 994 2813 d'apres
1022 2776 1065 2804 ce
1091 2764 1184 2814 qu’il
1208 2776 1231 2802 a
1257 2765 1425 2803 entendu
1446 2769 1622 2803 raconter

194 2827 264 2866 par
283 2817 474 2869 Gaucher,
495 2841 535 2847 —
561 2820 588 2858 il
608 2821 689 2859 faut
707 2822 789 2861 dire
808 2835 882 2873 que
908 2823 944 2862 le
970 2836 1067 2874 pape
1091 2835 1141 2862 ne
1167 2835 1209 2862 se
1236 2828 1390 2862 montra
1413 2835 1483 2873 pas
1508 2835 1620 2863 avare

198 2888 335 2916 envers
354 2879 511 2918 celui-ci
531 2880 641 2920 d’eau
660 2881 789 2921 benite
809 2883 855 2922 de
876 2895 982 2933 cour,
1001 2885 1101 2922 mais
1121 2895 1195 2933 que
1216 2895 1258 2922 ce
1278 2883 1337 2922 fut
1359 2888 1456 2922 tout.
