2092 3490
284 515 346 562 68

286 828 348 874 69

287 1140 347 1187 70

289 1453 342 1500 71

291 1766 354 1817 72

293 2081 354 2128 73

295 2391 357 2440 74

298 2706 361 2752 75

862 342 1047 376 NIGOLAI.

541 438 706 483 cuncta
731 433 890 482 reddit
902 433 1171 485 liberrima.

608 515 674 562 De
699 517 863 562 sancto
888 528 1079 578 quoque
1103 512 1351 572 Autbertn,

543 593 707 641 Castro
731 594 865 640 Novo
889 590 1173 656 composito,

547 668 763 718 concedit
787 674 840 718 ut
864 668 924 717 de
949 668 1148 734 proprio

544 746 806 812 potentiam
831 746 1058 812 episcopo
1089 765 1099 796 ε

612 824 696 884 ita,
724 824 936 890 inquam,
966 824 1096 890 quod
1121 824 1334 891 pontifex

546 903 796 969 aliquando
821 902 860 952 si
888 918 1011 968 opus
1035 910 1108 954 est

546 987 692 1047 ponet
716 981 764 1031 in
789 998 846 1032 eo
870 981 1044 1030 milites

546 1074 657 1109 cum
683 1058 894 1108 Gerardo
920 1058 1251 1108 communiter.

612 1140 721 1187 Mox
746 1136 967 1203 eis[dem]
997 1137 1266 1186 hominibus

546 1215 608 1265 ad
630 1214 858 1281 placitum
881 1214 1184 1280 presentibus

548 1292 788 1343 Gerardus
812 1293 948 1342 miles
972 1293 1182 1358 optimus

549 1372 604 1420 fit
627 1370 807 1437 presuli
832 1370 907 1419 vir
928 1370 1096 1437 legius.

615 1452 788 1503 Faetus>
808 1449 953 1498 homo
977 1448 1059 1497 dat
1084 1447 1227 1498 etiam
1310 1501 1313 1503 μ

550 1527 777 1593 episcopo
802 1526 1018 1577 fidutiam

550 1612 649 1656 tam
674 1621 763 1671 per
788 1610 976 1654 sanctos
1002 1621 1148 1669 quam
1173 1620 1261 1670 per
1285 1603 1430 1653 fidem

551 1685 673 1734 hane
699 1683 920 1734 servandi
945 1682 1267 1733 concordiam.

618 1762 734 1811 Inde
756 1778 874 1812 vero
899 1760 1183 1826 multiplices

552 1840 765 1907 pontifici
789 1840 872 1890 dat
895 1839 1089 1890 obsides

555 1926 610 1970 ut
634 1936 714 1968 res
738 1919 858 1968 facta
883 1924 982 1967 tam
1006 1918 1208 1967 firmiter

554 1998 839 2048 observetur
862 1997 1185 2063 perhenniter.

621 2076 708 2136 Qui
733 2076 920 2125 fuerunt
945 2081 1059 2125 tunc
1081 2074 1315 2140 temporis

555 2154 720 2204 vident
745 2152 875 2218 quod
901 2152 1096 2219 quidam
1120 2152 1257 2218 pueri

559 2233 606 2299 [a
627 2231 857 2297 Gerardo]
887 2231 1125 2297 pignorati

557 2309 606 2359 in
631 2309 776 2358 domo
802 2315 913 2358 sunt
937 2308 1165 2374 episcopi.

622 2390 742 2439 Sunt
767 2393 817 2437 et
840 2387 1036 2453 quidam
1059 2387 1109 2437 in
1134 2387 1235 2436 aliis

557 2467 860 2517 dominorum
882 2466 1101 2532 hospitiis

557 2544 638 2609 qui
666 2549 777 2593 sunt
802 2543 1076 2593 defensores
1100 2543 1236 2610 regni

559 2627 606 2671 et
630 2621 796 2671 fideles
820 2622 1048 2687 episcopi.

625 2702 724 2749 Stat
749 2699 987 2764 Gerardus
1013 2700 1060 2748 in
1086 2699 1251 2765 requie

561 2783 720 2827 custos
744 2777 880 2827 istius
903 2777 1084 2843 patriae

562 2870 756 2904 servans
781 2854 926 2904 fidem
951 2854 1156 2920 pollicite

1610 346 1666 380 183
