2092 3490
0 311 19 466 ἒ
825 349 1049 384 GALGHERI.
1602 349 1641 383 75

520 439 659 489 talem
685 438 746 488 de
771 454 858 488 suo
882 439 1028 488 latere

522 1050 686 1116 presul
710 1049 840 1100 idem
865 1049 1187 1106 Remensium‚

523 1127 728 1178 absolvit
753 1127 950 1186 clerum,
979 1127 1228 1192 populum,

523 1206 649 1255 foras
674 1205 735 1255 ad
760 1204 894 1254 urbis
919 1204 1118 1253 exitum.

230 1283 326 1332 437
588 1285 696 1333 Mox
722 1285 1027 1333 Cameracum
1051 1286 1272 1348 penetrat

524 1360 712 1419 urbem,
742 1376 796 1409 ac
820 1359 1092 1408 reconciliat

523 1438 771 1488 universas
796 1437 1017 1487 ecclesias

526 1515 804 1581 singulaque
829 1514 1033 1564 altaria¹.

231 1593 327 1643 438
420 1624 425 1630 ·
591 1593 719 1642 Facit
743 1593 942 1652 clerum,
967 1593 1102 1659 jubet
1127 1592 1318 1657 plebem

528 1677 628 1720 tam
652 1688 741 1737 per
765 1688 900 1721 sacra
925 1688 1070 1736 quam
1095 1687 1184 1736 per
1207 1671 1353 1720 fidem

0 1807 2 1812 ,
526 1749 587 1799 ad
611 1752 894 1799 Remensem
919 1749 1166 1798 ecclesiam

0 1819 9 1870 ἶ
526 1827 650 1876 ferre
676 1827 1013 1877 obedientiam.

0 1914 3 1922 ’
228 1905 328 1977 (439
595 1905 877 1955 Galcherum
901 1905 1279 1954 excommunicat

526 1983 806 2049 episcopum
831 2000 918 2033 nec
942 1983 1155 2032 nominat

528 2068 577 2111 et
602 2078 794 2111 omnem
818 2061 977 2112 virum
1001 2067 1193 2111 execrat

528 2140 609 2204 qui
635 2145 909 2189 execratum
931 2139 1140 2206 adjuvat.

0 485 22 563 Ξ
380 528 390 536 ·
521 516 603 582 qui
627 516 786 566 veniat
809 517 1057 566 absolvere

522 595 627 644 illos
653 594 715 644 de
738 595 1053 644 anathemate.

256 754 340 798 De
364 752 708 798 absolutione
739 751 942 797 civium
968 751 1026 796 et
1053 749 1616 796 excommunicatione

0 783 16 900 ξ
800 824 1073 869 Galcheri.

0 919 16 1108 ἓ
228 971 325 1021 436
588 972 726 1024 Venit
751 972 811 1021 ad
835 973 927 1021 hoc
950 971 1218 1020 faciendum

0 1483 11 1535 ''W“
0 1455 5 1457 ·
0 1275 12 1440 wnmq--q-
0 1236 6 1260 vv

283 2277 316 2314 1.
345 2277 527 2315 Lambert
545 2276 593 2314 de
613 2275 810 2314 Watrelos
830 2276 958 2314 donne
976 2276 1162 2325 quelques
1182 2275 1318 2314 details
1337 2277 1403 2325 qui
1424 2287 1472 2313 ne
1492 2287 1532 2313 se
1552 2280 1655 2313 trou-

235 2341 327 2374 vent
350 2347 419 2385 pas
446 2335 543 2373 dans
569 2341 679 2374 notre
703 2346 909 2386 anonyme.
938 2338 1104 2374 Domnus
1128 2338 1313 2373 Manasses
1337 2338 1651 2382 archiepiscopus,
1698 2379 1702 2384 Ι

235 2394 341 2432 dit-il
360 2395 384 2432 ὲ.
402 2395 479 2432 l'an
499 2395 605 2442 1103,
629 2397 730 2442 apud
749 2395 991 2433 Cameracum
1011 2398 1161 2442 ipsemet
1178 2397 1279 2432 venit
1299 2407 1383 2432 cum
1402 2396 1541 2431 duobus
1561 2397 1654 2441 cpis-

161 2479 163 2481 ·
235 2459 347 2502 copis,
367 2456 606 2501 Inqelramno
628 2456 866 2492 Laudunensi
884 2459 918 2492 et
929 2457 1097 2493 Iohanne
1111 2457 1318 2492 Morinensi
1335 2454 1393 2501 (de
1412 2453 1651 2499 Terouanne)

236 2520 270 2554 et
288 2527 372 2553 cum
388 2516 564 2562 pluribus
581 2518 759 2562 personis,
779 2518 956 2563 petitione
975 2527 1059 2553 vero
1080 2520 1156 2553 tam
1177 2518 1396 2553 clericorum
1413 2526 1525 2562 quam
1547 2516 1655 2551 laico-

235 2587 324 2613 rum
349 2586 373 2612 a
397 2576 655 2612 maledictione
680 2587 803 2613 omnes
827 2577 983 2613 absolvit
1012 2576 1069 2614 18.
1099 2577 1282 2614 Kalendas
1312 2576 1491 2618 Octobris,
1522 2576 1655 2620 vigilia

235 2636 373 2672 scilicet
385 2636 508 2671 sancti
520 2635 699 2670 Matthaei
710 2637 865 2681 apostoli
879 2634 1025 2681 (Lamb.
1043 2634 1256 2682 Watrelos,
1268 2646 1305 2682 p.
1322 2633 1403 2670 510.
1412 2654 1461 2660 —
1474 2632 1528 2669 La
1540 2631 1655 2679 vigile

235 2694 283 2732 de
303 2694 343 2732 S.
366 2694 555 2732 Matthieu
575 2694 705 2732 tombe
723 2695 760 2732 le
778 2695 825 2732 20
845 2695 1062 2743 septembre
1083 2700 1122 2732 et
1140 2706 1208 2742 par
1233 2693 1471 2741 consequent
1496 2692 1531 2729 le
1553 2692 1596 2729 12
1618 2696 1656 2729 et

235 2763 315 2791 non
334 2753 370 2791 le
390 2754 433 2791 18
453 2754 521 2791 des
540 2753 717 2792 calendes
737 2754 927 2792 d'octobre
950 2768 958 2791 :
988 2754 1015 2792 il
1035 2766 1061 2803 y
1080 2766 1103 2792 a
1121 2754 1220 2791 donc
1239 2765 1315 2790 une
1336 2752 1438 2789 faute
1460 2752 1506 2789 de
1528 2756 1654 2788 trans-

237 2813 400 2862 cription
419 2824 515 2862 pour
533 2825 576 2852 ce
596 2813 757 2857 chiffre).
787 2815 860 2852 Ces
882 2813 1020 2852 details
1046 2820 1114 2852 ont
1138 2814 1198 2851 ete
1218 2813 1365 2851 inseres
1386 2812 1482 2850 dans
1502 2811 1538 2849 la
1559 2811 1654 2849 Ver-

239 2872 324 2910 sion
344 2872 531 2920 francaise
551 2873 596 2910 de
617 2878 726 2911 notre
745 2873 956 2922 chronique
977 2880 1029 2922 (p,
1054 2874 1149 2916 517).
