2092 3490
513 356 575 390 222
1147 351 1280 387 GESTA

571 515 652 557 De
681 513 956 558 discordia
980 511 1284 556 Montensis
1309 513 1474 567 atque
1498 514 1854 560 Flandrensis

1100 583 1330 628 comitis.

513 733 605 778 339
866 729 1032 778 Comes
1057 727 1182 776 enim
1205 728 1550 778 Flandriarum¹

800 804 959 852 comiti
982 805 1174 854 mandat
1197 805 1422 855 Montium

798 886 851 930 ut
876 887 1011 930 exeat
1036 884 1337 931 Cameracum

799 958 918 1007 sicut
941 964 1066 1008 amat
1090 959 1396 1024 semetipsum

511 1035 602 1084 340
863 1041 910 1084 et
935 1036 1159 1100 quicquid
1184 1036 1243 1085 de
1267 1036 1346 1084 illo
1370 1041 1499 1085 tenet
1528 1054 1539 1084 :

796 1112 970 1177 quippe
995 1113 1076 1177 qui
1099 1113 1241 1161 homo
1268 1129 1380 1162 suus
1405 1114 1503 1162 est²

795 1194 843 1238 et
868 1189 949 1254 qui
973 1190 1079 1249 sibi,
1108 1196 1160 1238 ut
1179 1191 1360 1256 justum
1385 1197 1475 1250 est,

796 1283 1075 1316 conservare
1100 1267 1244 1315 fidem
1268 1267 1425 1316 debet.

508 1343 590 1392 344
859 1348 924 1393 De
948 1361 1043 1408 quo
1069 1344 1108 1392 si
1133 1361 1225 1393 non
1253 1345 1419 1393 exierit

793 1436 944 1485 neque
967 1425 1143 1468 terram
1168 1420 1397 1469 dimiserit

794 1512 936 1560 quam
960 1496 1129 1562 injuste
1154 1498 1416 1562 occupavit,

794 1572 882 1621 sibi
907 1573 1074 1622 obesse
1099 1574 1267 1623 asserit

793 1666 1091 1714 quocumque
1116 1650 1258 1699 modo
1285 1651 1474 1716 poterit,
1521 1714 1527 1717 μ

548 1834 581 1870 1.
608 1832 768 1881 Thierry
785 1832 974 1881 d’A1sace,
995 1837 1119 1871 comte
1139 1833 1186 1871 de
1211 1833 1376 1871 Flandre
1393 1833 1528 1881 depuis
1553 1833 1658 1872 1128.
1678 1854 1726 1861 —
1743 1833 1901 1882 D'apres

499 1892 678 1929 Lambert
691 1893 737 1930 de
754 1892 959 1940 Watrelos,
980 1892 1143 1940 Thierry
1161 1893 1346 1930 intervint
1364 1893 1386 1930 ὲ
1405 1893 1442 1930 la
1460 1893 1647 1931 demands
1666 1892 1712 1931 de
1730 1892 1900 1942 l'eveque

498 1951 533 1988 N
536 1951 649 1989 ieolas
668 1956 706 1989 et
726 1952 771 1990 de
787 1952 922 1990 Simon
942 1951 1085 2000 d'Oisy.
1101 1954 1331 1989 Dementiam
1349 1963 1509 1998 quorum
1525 1951 1897 2001 (Cameracensium)‚

498 2011 613 2058 dit-il,
636 2015 820 2059 episcopus
838 2017 872 2049 et
892 2014 993 2058 Huqo
1012 2015 1135 2052 senior
1160 2015 1384 2049 castellanus
1408 2016 1442 2048 et
1460 2012 1590 2050 Simon
1614 2013 1773 2059 ejusdem
1797 2013 1900 2058 filius

497 2073 680 2115 suspectui
707 2071 894 2115 habentes,
930 2072 1188 2107 Theodericum
1215 2073 1383 2108 comitem
1403 2071 1603 2107 Flandriae
1621 2073 1759 2107 acriter
1783 2072 1900 2106 coacti

497 2131 785 2174 requisiverunt,
825 2132 887 2166 illi
916 2141 985 2166 sua
1017 2124 1232 2175 infortunia
1262 2133 1475 2176 exponentes
1506 2133 1539 2165 et
1565 2132 1736 2176 plurima
1772 2131 1899 2179 comiti

496 2192 689 2234 spontanee
707 2190 976 2235 spopondentes.
1000 2191 1072 2234 Qui
1090 2200 1175 2225 moa·
1193 2192 1244 2226 eis
1264 2191 1306 2225 in
1326 2191 1518 2225 auceilium
1536 2189 1749 2231 Michaelem
1775 2190 1895 2234 siqni-

495 2248 618 2292 ferum
637 2258 766 2291 suu-m,
791 2250 916 2283 virum
935 2250 1054 2284 armis
1073 2252 1279 2290 strenuum,
1303 2249 1518 2284 deliberavit
1536 2248 1586 2283 ad
1603 2248 1896 2293 compescendam

496 2308 769 2342 contumaciam
797 2307 1116 2343 Cameracensium
1145 2306 1291 2352 (Lamb.
1318 2305 1499 2353 Watrel.‚
1526 2316 1560 2353 p.
1593 2306 1688 2354 515).
1716 2302 1897 2343 Lambert

495 2376 544 2402 ne
564 2364 618 2401 dit
636 2376 704 2412 pas
723 2375 776 2401 un
795 2369 875 2402 mot
895 2365 941 2401 de
960 2369 1043 2402 tout
1061 2376 1103 2402 ce
1123 2365 1206 2413 qui,
1229 2365 1382 2402 suivant
1410 2369 1520 2402 notre
1544 2375 1734 2413 anonyme
1756 2366 1803 2412 (v.
1826 2368 1892 2401 str.

495 2423 650 2460 339-str.
673 2422 768 2470 362),
790 2433 830 2460 se
848 2433 960 2470 passa
979 2422 1089 2460 entre'
1112 2422 1145 2460 le
1172 2427 1295 2460 comte
1321 2422 1367 2459 de
1387 2421 1551 2459 Flandre
1579 2426 1616 2459 et
1640 2421 1675 2459 le
1700 2425 1822 2459 comte
1847 2421 1894 2459 de

494 2483 675 2519 Hainaut.

540 2537 574 2574 2.
601 2539 648 2576 Je
667 2539 742 2577 n'ai
761 2551 812 2587 pu
831 2544 984 2578 trouver
1002 2540 1110 2588 quels
1130 2540 1274 2577 etaient
1301 2540 1355 2577 les
1383 2539 1582 2578 domaines
1609 2550 1681 2588 que
1708 2539 1744 2577 le
1769 2543 1893 2577 comte

493 2596 539 2634 de
558 2598 727 2635 Hainaut
745 2599 864 2636 tenait
881 2599 979 2637 alors
999 2610 1046 2636 en
1068 2599 1135 2636 fies
1150 2599 1201 2636 du
1219 2603 1344 2637 comte
1365 2598 1410 2636 de
1425 2599 1589 2636 Flandre
1603 2610 1653 2636 ou
1666 2599 1690 2636 ὸ,
1704 2597 1792 2647 quel
1804 2599 1892 2636 titre

493 2655 520 2692 il
539 2656 593 2694 lui
613 2657 739 2695 devait
758 2658 974 2706 hommage.
1003 2658 1037 2695 Il
1062 2662 1120 2696 est
1145 2669 1280 2696 encore
1305 2658 1483 2706 question
1512 2658 1598 2706 plus
1623 2658 1689 2696 bas
1711 2659 1789 2705 (stt.
1811 2657 1891 2704 352)

492 2715 538 2752 de
558 2720 654 2753 cette
674 2717 850 2754 vassalite
870 2717 921 2754 du
940 2722 1063 2755 comte
1083 2716 1130 2753 de
1148 2717 1338 2764 Hainaut,
1360 2722 1398 2754 et
1418 2728 1461 2755 ce
1480 2717 1546 2765 qui
1565 2721 1624 2754 est
1643 2716 1699 2753 dit
1717 2716 1811 2754 dans
1837 2715 1891 2754 les

493 2775 665 2822 strophes
679 2776 874 2814 suivantes
890 2777 967 2823 (str.
985 2776 1066 2823 353,
1083 2776 1251 2822 357-360)
1276 2781 1424 2814 montre
1441 2788 1515 2825 que
1535 2776 1683 2814 celui-ci
1701 2776 1739 2814 la
1756 2786 1888 2813 recon—

493 2834 662 2871 naissait.
