2092 3490
496 358 554 393 178
1129 361 1261 395 GESTA

785 450 920 498 nobis
944 466 1038 497 non
1063 449 1152 499 fuit
1171 455 1324 500 antea.

527 529 586 573 33
848 529 972 591 Ergo
998 531 1186 575 sanctus
1209 532 1335 575 extat
1360 527 1512 578 clerus

781 608 920 667 atque
945 602 1110 651 beatus
1134 603 1356 668 populus,

781 679 952 742 quibus
976 679 1081 727 talis
1106 684 1179 728 est
1201 679 1422 729 dominus
1450 682 1453 686 ’

781 755 976 803 feliciter
1000 755 1274 821 dispositus.

523 830 585 878 34
845 833 1098 895 Speramus
1123 832 1251 881 enim
1273 832 1505 897 optimum

779 908 868 957 hoc
891 909 1034 958 fuisse
1058 910 1329 976 presagium

779 986 907 1050 quod
928 986 1070 1036 habet
1093 987 1384 1052 episcopium

778 1080 865 1128 per
889 1065 1071 1114 felicem
1096 1065 1359 1114 introitum.

522 1143 581 1188 35
843 1143 962 1191 Ante
984 1159 1117 1192 suam
1143 1142 1430 1207 presentiam

778 1219 937 1277 casati,
966 1220 1093 1269 cives
1117 1220 1260 1268 etiam

778 1313 864 1361 per
888 1303 1074 1346 sanctos
1098 1297 1180 1346 Dei
1205 1297 1419 1346 stabilem

772 1372 932 1438 jurant
956 1373 998 1422 ei
1022 1372 1253 1422 fidutiam.

519 1450 579 1495 36
841 1453 898 1498 Et
920 1450 1021 1514 ipse
1044 1466 1132 1514 per
1158 1449 1405 1498 consilium

775 1526 982 1576 reddidit
1004 1528 1093 1576 illis
1117 1527 1423 1592 postmodum

776 1609 829 1653 ut
851 1604 1064 1669 quisquis
1088 1604 1230 1653 debet
1254 1604 1501 1670 proprium

776 1688 903 1731 recte
926 1686 1089 1732 tenere
1115 1682 1324 1731 feodum.

777 1859 858 1902 De
890 1857 1134 1903 Gerardo
1166 1858 1315 1902 Malo
1347 1857 1596 1901 filiastro·

518 2017 577 2063 37
839 2015 1108 2064 Accelerant
1132 2015 1340 2064 universi

774 2098 825 2141 ut
850 2093 939 2141 viri
964 2093 1058 2141 sint
1081 2092 1309 2158 episcopi,

773 2170 855 2219 sed
883 2170 1119 2219 Gerardus
1143 2169 1388 2218 Amolrici¹

773 2264 867 2295 non
892 2247 993 2296 vult
1018 2264 1130 2296 suus
1155 2247 1230 2295 vir
1254 2247 1374 2296 fieri.

514 2327 575 2372 38
837 2325 1109 2390 Indignatur
1133 2324 1356 2373 accedere

771 2402 1123 2466 hominiumque
1145 2401 1297 2449 facere

772 2495 925 2542 neque
954 2478 1088 2543 [vult]
1116 2477 1175 2526 de
1198 2477 1421 2542 pontifice

771 2562 947 2606 terram
970 2572 1103 2604 suam
1127 2555 1356 2620 recipere.

514 2636 574 2682 39
836 2634 907 2682 Fit
932 2639 1151 2682 constans
1176 2632 1223 2680 in
1251 2631 1473 2696 superbia

530 2806 563 2842 1.
591 2804 751 2842 Suivant
770 2804 805 2842 le
825 2805 964 2842 Roman
983 2805 1025 2841 de
1044 2804 1153 2842 Gilles
1166 2805 1208 2840 de
1224 2803 1318 2840 Chin
1334 2802 1404 2850 (ed.
1421 2802 1467 2839 de
1481 2800 1735 2847 Reiffenberg‚
1750 2809 1785 2836 v.
1803 2797 1887 2836 429-

482 2864 564 2911 430,
585 2875 622 2912 p.
646 2864 717 2912 17),
738 2863 773 2901 le
794 2863 882 2911 pere
901 2863 948 2901 de
968 2863 1109 2900 Gerard
1130 2862 1343 2900 Maufilatre
1363 2860 1558 2910 s’appelait
1577 2862 1698 2899 Gilles.
