2092 3490
477 346 539 380 ‘240
1118 347 1252 380 GESTA

769 440 1051 484 renovantes
1077 435 1136 483 ad
1162 436 1381 485 invicem.

477 511 571 559 458
833 515 940 560 Mox
966 511 1041 559 ille
1065 512 1320 562 Montensis
1346 529 1504 562 comes

765 594 811 638 et
835 588 1082 638 Nicholaus
1106 589 1318 654 pontifex

765 682 852 730 per
876 665 1052 715 amicos
1076 671 1125 715 et
1148 665 1310 732 fideles

763 744 884 792 fiunt
907 743 1044 791 amici
1070 743 1277 792 stabiles.

472 820 565 868 459
828 821 945 869 Hinc
969 821 1072 885 ipsa
1094 826 1222 870 terra
1248 821 1434 871 comitis

762 898 918 947 banno
943 898 1082 964 ligata
1106 899 1309 963 presulis

761 975 974 1024 absoluta
999 976 1053 1024 fit
1077 975 1237 1025 hilaris

760 1069 848 1116 pro
875 1052 1124 1101 stabilitate
1148 1053 1295 1117 pacis.

468 1128 562 1177 460
620 1136 624 1140 ’
824 1132 882 1178 Et
906 1135 958 1178 ut
978 1129 1125 1195 justa1
1153 1147 1248 1194 pax
1274 1135 1487 1179 servetur

757 1206 875 1271 petit
901 1223 1059 1255 comes
1086 1213 1133 1255 et
1158 1212 1379 1271 precatur

757 1289 809 1332 ut
833 1275 1075 1334 Gerardus'
1094 1284 1390 1349 supradictus

756 1362 803 1410 in
828 1362 948 1410 atrio
973 1362 1231 1410 tumuletur
1260 1380 1270 1409 :

463 1438 548 1486 461
820 1439 901 1503 qui
923 1439 1100 1487 habens
1124 1438 1444 1487 testimonium

755 1532 806 1564 se
830 1516 1162 1582 recognovisse
1187 1533 1323 1565 reum

754 1599 918 1642 contra
944 1599 1207 1642 creatorem
1233 1611 1387 1653 suum,

752 1671 925 1719 habere
951 1670 1092 1719 debet
1117 1671 1304 1719 atrium.

460 1746 556 1797 462
818 1747 990 1797 Audito
1016 1748 1285 1796 testimonio

751 1825 911 1890 presul
938 1825 1197 1875 Gerardum
1225 1825 1330 1874 ilico

748 1902 958 1951 fidelium
984 1903 1177 1951 consilio

751 1979 967 2043 sepelivit
991 1979 1039 2027 in
1065 1980 1202 2038 atrio,

457 2053 550 2101 463
814 2056 862 2104 in
887 2057 1008 2105 atrio
1032 2056 1092 2105 de
1119 2056 1322 2106 Senlecis

748 2149 883 2181 secus
909 2134 1086 2181 fossam
1110 2150 1220 2182 suae
1245 2136 1426 2192 matris,

745 2209 819 2257 cui
844 2213 967 2258 Deus
991 2210 1179 2274 pietatis

744 2285 983 2351 indulgeat
1009 2286 1068 2335 de
1092 2287 1313 2350 peccatis.

452 2359 549 2408 464
811 2362 885 2410 Sic
907 2363 978 2412 his
1003 2363 1146 2412 rebus
1172 2363 1471 2428 compositis2

500 2492 533 2528 1.
555 2494 675 2538 justa.
697 2492 803 2529 Dans
823 2493 858 2530 le
877 2504 950 2531 ms,
964 2495 1091 2539 juxta.

498 2550 532 2587 2.
561 2551 679 2588 Notre
697 2562 902 2600 anonyme,
925 2552 990 2600 qui
1010 2552 1110 2589 avait
1129 2549 1220 2600 deja‘
1231 2555 1341 2601 passe
1366 2564 1455 2590 sous
1479 2552 1620 2592 silence
1646 2553 1681 2591 le
1705 2565 1856 2592 secours

450 2609 605 2647 accorde
632 2612 654 2648 a
679 2610 849 2659 l'eveque
873 2622 941 2659 par
959 2611 1121 2661 Thierry
1141 2611 1315 2650 d'Alsace
1338 2613 1471 2661 (comp.
1495 2612 1579 2662 plus
1599 2614 1692 2650 haut
1712 2626 1749 2662 p.
1771 2614 1855 2661 232,

449 2669 573 2715 noto),
600 2680 649 2706 ne
679 2669 736 2707 dit
763 2671 846 2707 rien
875 2681 953 2708 non
980 2670 1065 2718 plus
1095 2671 1143 2709 ici
1172 2670 1219 2709 de
1246 2671 1503 2719 l’importante
1530 2673 1752 2711 concession
1782 2684 1856 2721 que

448 2727 606 2766 celui-ci
627 2730 759 2778 exigea
776 2731 885 2778 apres
905 2730 942 2767 la
960 2730 1136 2777 vict-cire,
1165 2731 1453 2779 probablement
1479 2743 1527 2770 en
1555 2737 1662 2770 vertu
1681 2732 1748 2770 des
1766 2743 1854 2780 pro-

448 2798 594 2826 messes
610 2789 676 2837 qui
690 2790 745 2826 lui
759 2789 911 2827 avaient
925 2789 984 2827 ete
999 2789 1107 2827 faites
1130 2791 1263 2838 (comp.
1286 2792 1370 2839 plus
1390 2792 1485 2829 haut
1504 2804 1539 2840 p.
1563 2791 1645 2840 222,
1667 2792 1781 2840 note).
1804 2791 1854 2828 Ce

450 2845 565 2884 detail
590 2848 689 2886 n’est
716 2860 782 2897 pas
807 2849 1031 2887 mentionne
1060 2860 1137 2887 non
1165 2850 1250 2898 plus
1275 2861 1341 2898 par
1365 2851 1546 2889 Lambert
1570 2851 1616 2888 de
1642 2850 1851 2889 Watrelos.
