2092 3490
817 327 1043 364 GALGHERI,
1597 339 1634 373 31

515 416 740 467 obediant
761 418 993 469 benevolo

221 494 316 542 470
578 499 633 544 ut
656 512 716 544 ex
741 496 869 546 fideli
893 498 1046 564 gratia

512 578 562 621 et
583 579 749 638 pastor
773 580 822 625 et
845 592 966 642 grex
989 576 1143 628 valeat

512 650 574 699 ad
599 653 807 717 pastoris
831 654 973 704 ovilia

511 730 764 794 pervenire
785 738 1034 798 perpetua.

219 805 305 853 474
578 807 796 860 Urbanus
820 811 1108 876 apostolicus

510 890 559 933 et
582 887 841 937 Remorum
865 888 1121 955 episcopus

508 963 667 1013 missis
691 964 1005 1031 legationibus

217 1038 313 1089 472
575 1047 772 1090 monent
794 1043 1056 1093 Robertum
1080 1045 1326 1095 comitem¹

508 1123 563 1167 ut
586 1119 794 1168 dimittat
818 1121 1045 1170 malitiam

508 1212 653 1261 quam
678 1213 824 1263 super
849 1200 1237 1250 cameracensem

508 1273 752 1342 irrogabat
775 1276 1022 1326 ecclesiam

217 1350 310 1398 473
575 1352 714 1418 eique
739 1370 908 1419 pacem
931 1355 1161 1415 conferat,

509 1429 655 1479 immo
675 1437 920 1496 pastorem
945 1432 1109 1500 diligat

508 1507 757 1559 Galcerum
781 1514 830 1559 et
854 1511 1105 1571 custodiat,

505 1584 707 1637 honoret
730 1593 779 1637 et
803 1588 1049 1639 sustineat.

214 1660 310 1711 ⁴74
573 1666 709 1724 Quod
734 1666 774 1715 si
797 1671 1056 1733 utrumque
1078 1667 1232 1718 facere

505 1741 795 1810 indignatur,
824 1744 1044 1795 facillime

508 1820 833 1888 indignantem
858 1830 1112 1889 percutere

507 1898 716 1949 minatur
740 1900 1055 1951 anathemate.

215 1977 310 2025 475
572 1979 741 2028 Comes
764 1984 924 2029 autem
950 1981 1228 2048 magnificus

506 2055 749 2121 adquievit
773 2057 981 2108 fallacius

506 2133 682 2184 horum
705 2135 1037 2187 dilectionibus

504 2218 553 2262 et
575 2214 818 2279 preceptis
842 2219 890 2264 et
913 2214 1156 2280 precibus.

213 2290 308 2339 476
335 2334 337 2336 .
570 2295 700 2341 Tunc
723 2292 851 2341 enim
875 2292 939 2342 ob
963 2294 1052 2343 heo
1075 2293 1257 2344 monita

467 2358 479 2362 “
504 2370 707 2419 cessavit
728 2388 756 2419 a
780 2371 975 2430 malitia,

505 2447 591 2498 sed
613 2465 710 2497 non
734 2465 822 2515 per
846 2449 986 2516 longa
1009 2454 1228 2515 tempora

503 2526 764 2591 permansit
788 2527 905 2576 haec
929 2528 1201 2578 concordia.

255 2719 291 2757 1.
318 2718 427 2758 Dans
445 2719 482 2759 le
501 2732 575 2759 ms.
597 2733 639 2760 ce
658 2733 745 2761 vers
765 2727 804 2762 et
824 2722 859 2761 le
872 2723 1079 2772 precedent
1093 2735 1133 2762 se
1147 2728 1328 2762 trouvent
1342 2722 1438 2761 dans
1451 2734 1504 2760 un
1521 2723 1632 2761 ordre

208 2777 361 2816 inverse
381 2785 546 2825 (monent
566 2782 763 2820 Robertum
785 2786 953 2821 comitem
972 2786 1095 2821 missis
1117 2785 1389 2831 leqationibus),
1417 2783 1518 2821 mais
1537 2794 1631 2822 avec

207 2848 263 2876 un
283 2838 391 2888 signe
410 2839 476 2889 qui
496 2840 657 2890 indique
676 2841 714 2880 la
732 2843 1024 2892 transposition.
