2092 3490
471 741 566 790 236

473 1046 568 1096 237

469 1349 564 1400 238

469 1660 563 1709 239

469 1966 563 2015 240

468 2273 554 2325 244

468 2583 564 2634 242

1108 344 1244 378 GESTA

829 433 914 481 Hic
937 432 1065 481 illum
1088 433 1247 483 verbis
1271 434 1461 485 attrahit

766 515 812 558 et
837 510 912 558 ille
937 510 1079 558 istum
1104 510 1282 577 arguit3

765 586 846 651 qui
870 592 942 635 est
965 587 1157 636 allectus
1181 588 1318 637 allicit

763 667 810 711 et
835 663 914 727 qui
940 663 1166 728 deceptus
1191 663 1380 730 decipit.

827 743 943 789 Fere
966 757 1129 789 omnes
1153 741 1200 789 in
1226 740 1466 800 domibuS‚

761 817 810 865 in
835 817 1042 882 prandiis
1067 822 1114 866 et
1136 818 1327 883 potibus

761 899 809 943 et
833 894 881 943 in
905 895 1020 944 locis
1045 895 1271 945 similibus

755 971 852 1037 jam
877 972 1094 1021 locuntur
1118 973 1177 1021 de
1201 973 1388 1022 talibus.

828 1049 1053 1099 Paulatim
1077 1050 1223 1098 exivit
1247 1050 1374 1100 foras

762 1126 1016 1190 impiorum
1040 1127 1287 1192 cupiditas,

759 1213 879 1261 quos
903 1214 997 1246 non
1020 1203 1148 1247 tenet
1171 1198 1387 1256 fidelitas,

759 1280 1103 1324 sacramentum
1127 1292 1215 1324 nec
1238 1276 1429 1324 veritaS.

824 1351 1043 1401 Nituntur
1067 1352 1195 1400 omni
1220 1352 1377 1402 studio

758 1428 920 1493 presul
945 1429 1197 1478 Galcherus
1221 1430 1462 1494 quomodo

758 1506 833 1554 vel
858 1523 953 1571 quo
981 1507 1130 1572 possit
1152 1507 1340 1574 ingenio

757 1583 869 1648 pelli
893 1584 952 1632 de
976 1584 1235 1649 pontificio.

824 1662 955 1709 Nunc
978 1666 1154 1725 potest,
1183 1661 1222 1710 si
1243 1678 1337 1711 non
1362 1662 1530 1721 audeo,

757 1737 844 1785 hec
867 1737 944 1786 vel
967 1737 1168 1786 clamare
1192 1738 1387 1803 scriptio

758 1814 887 1879 quod
912 1819 1017 1863 orta
1040 1819 1113 1863 est
1136 1815 1326 1864 traditio

758 1891 818 1940 de
843 1892 1068 1941 Galchero
1092 1892 1334 1958 episcopo.

825 1969 897 2018 Ab
921 1969 1011 2018 illis
1034 1969 1160 2018 enim
1182 1969 1364 2020 litterae

758 2045 852 2094 cito
874 2046 1126 2095 mittuntur
1148 2049 1374 2105 Manasse‚

758 2122 873 2171 haec
897 2139 957 2171 ex
979 2127 1080 2171 toto
1105 2123 1340 2172 nesciente

758 2198 863 2263 ipso
889 2198 1113 2247 Galchero
1136 2199 1342 2263 presule.

824 2279 1025 2341 Rogant,
1053 2282 1305 2339 precantur
1328 2293 1416 2340 per
1440 2293 1519 2326 eas

759 2357 812 2401 ut
836 2369 1031 2418 presens
1055 2353 1181 2418 apud
1205 2354 1413 2404 Avesnas

759 2430 1057 2494 presentibus
1081 2430 1260 2495 absque
1284 2446 1418 2479 mora

758 2507 1038 2555 collocutum
1062 2507 1297 2556 adveniat.

823 2584 958 2634 Venit
981 2584 1041 2632 ad
1066 2601 1148 2633 eos
1171 2587 1404 2633 Manasses

758 2660 807 2708 in
829 2660 933 2709 loco
957 2660 1037 2725 qui
1060 2660 1301 2725 predictus
1325 2666 1414 2720 est,

759 2737 840 2786 ubi
866 2737 1118 2786 Galcherus
1142 2737 1354 2800 pontifex

760 2815 839 2864 tali
863 2815 1006 2864 modo
1029 2813 1246 2862 venditus
1272 2819 1360 2863 est.
