2092 3490
856 379 1042 415 NIGOLAI.
1599 382 1659 416 241

536 470 585 519 in
609 470 698 519 hac
721 475 850 518 terra
874 474 989 519 tunc
1012 469 1245 536 temporis

537 546 714 596 malum
737 546 915 611 ubique
941 547 1084 605 siluit,

538 641 634 690 pax
658 630 708 674 et
732 641 867 674 amor
892 625 1117 675 effloruit.

242 701 340 752 465
603 705 663 751 Et
686 707 785 752 tam
810 702 900 752 fuit
924 703 1117 769 copiosa

537 787 652 830 tunc
674 797 840 831 rerum
863 775 1152 831 abundantia

539 858 669 924 quod
694 877 722 908 a
746 859 927 908 cunctis
952 863 1027 908 est
1051 859 1198 909 oblita

537 943 796 1004 paupertas
816 943 948 988 retro
970 937 1152 987 habita¹
1164 977 1175 987 .

244 1109 347 1148 G‘est
364 1120 413 1148 au
433 1109 625 1148 chanoine
637 1110 686 1149 de
699 1110 877 1148 Gamhrai
891 1121 966 1159 que
980 1121 1079 1149 nous
1092 1121 1142 1148 en
1159 1110 1303 1149 devons
1323 1110 1361 1149 la
1378 1111 1667 1150 connaissance.

248 1170 428 1213 Tandem,
457 1168 585 1218 dit-il,
617 1172 660 1206 in
690 1171 788 1207 hanc
814 1172 921 1217 pacis
951 1171 1118 1216 formam
1148 1175 1400 1209 convenerunt
1426 1173 1524 1219 quod
1556 1183 1671 1208 comes

245 1229 486 1266 flandrensis
504 1230 548 1266 de
565 1240 685 1266 manu
705 1232 864 1277 episcopi
882 1232 1039 1277 suscepit
1057 1232 1101 1267 in
1120 1231 1223 1277 feodo
1246 1231 1428 1277 Osyacum
1446 1235 1480 1268 et
1499 1234 1672 1268 castella-

245 1291 354 1326 niam
388 1289 704 1332 Cameracensem,
739 1300 855 1336 quam
886 1291 1100 1327 immediate
1126 1293 1239 1337 prius
1270 1290 1402 1328 Simon
1435 1292 1478 1328 de
1509 1294 1671 1339 episcopo

247 1352 431 1394 tenuerat,
452 1352 487 1386 et
506 1349 696 1387 Simonem
715 1351 758 1386 de
778 1350 984 1396 praedictis
1010 1361 1127 1387 comes
1151 1351 1378 1397 saepedictus
1402 1352 1565 1397 feodavit
1580 1363 1671 1398 pro-

244 1409 333 1446 vida
364 1411 708 1455 circumspectione,
740 1410 839 1456 quod
865 1411 909 1446 in
935 1411 1043 1446 modo
1067 1412 1173 1456 pacis
1200 1411 1244 1447 de
1263 1413 1355 1458 jure
1383 1413 1542 1458 episcopi
1571 1413 1671 1450 nihil

246 1469 414 1516 deperiit,
436 1470 498 1506 sed
511 1471 640 1516 potius
659 1470 874 1507 hominium
892 1471 1134 1507 flandrensis
1152 1473 1312 1508 accrevit
1334 1460 1441 1520 (Ga'n.
1457 1471 1670 1522 (lamet-ac,

246 1539 280 1568 c.
304 1528 348 1567 18
369 1532 483 1576 extr.‚
503 1540 541 1578 p.
564 1529 662 1576 508).

294 1589 329 1626 1.
356 1588 538 1627 L’auteur
557 1589 604 1627 de
624 1588 661 1626 la
679 1589 755 1627 Vie
775 1589 822 1627 (16
841 1585 1000 1627 Nicolas
1019 1591 1143 1627 arrete
1163 1601 1235 1628 son
1251 1590 1389 1628 travail
1415 1590 1438 1628 a
1465 1590 1542 1628 l'an
1563 1591 1669 1629 1138.

246 1647 437 1698 L'eveque
455 1649 570 1687 vccut
588 1660 726 1687 encore
745 1649 972 1697 vingt-neus
988 1660 1072 1697 ans,
1095 1649 1189 1686 dont
1207 1649 1399 1697 plusieurs
1421 1649 1550 1687 furent.
1568 1661 1672 1688 mar-

247 1708 342 1758 ques
361 1719 430 1757 par
448 1708 516 1747 des
535 1708 650 1747 luttes
670 1709 748 1746 tres
769 1708 1003 1747 laborieuses
1029 1714 1161 1747 contre
1188 1708 1244 1747 les
1269 1714 1415 1747 comtes
1440 1709 1487 1748 de
1506 1710 1674 1749 Flandre

247 1767 413 1817 Thierry
431 1774 471 1807 et
489 1768 669 1817 Philippa
689 1768 888 1816 d'Alsace‚
910 1769 1083 1817 toujours
1103 1769 1277 1807 attentifs
1297 1770 1320 1807 ὲ,
1340 1770 1454 1807 saisir
1472 1774 1598 1808 tontes
1618 1771 1674 1808 les

248 1828 447 1867 occasions
472 1828 520 1866 de
546 1829 759 1878 s'agrandir
783 1828 835 1866 du
860 1828 944 1867 coto
970 1829 1021 1866 du
1048 1829 1277 1868 Gambresis.
1307 1830 1514 1868 L‘histoire
1540 1831 1585 1868 (16
1611 1842 1675 1868 ees

247 1887 476 1937 vingt-neus
491 1888 649 1936 mneos,
671 1899 721 1927 ou
740 1888 791 1926 du
811 1888 940 1926 moins
960 1888 1027 1926 des
1047 1888 1222 1927 dix-huit
1242 1889 1452 1937 dernicres,
1475 1901 1517 1927 se
1540 1894 1674 1928 trouve

248 1958 356 1986 assez
376 1947 626 1996 longuement
643 1948 822 1986 racontce
836 1947 932 1985 dans
947 1948 1129 1986 Lambert
1143 1948 1190 1986 de
1206 1948 1403 1987 Watrelos
1421 1950 1471 1998 (p.
1489 1949 1671 1998 517-539).

247 2008 303 2045 Le
323 2007 512 2046 chanoine
533 2008 579 2046 de
592 2007 772 2046 Cambrai
792 2019 842 2046 ne
862 2007 966 2057 ρει-16
985 2020 1059 2057 que
1079 2008 1126 2046 de
1146 2009 1342 2047 l'habilete
1356 2009 1403 2048 de
1419 2009 1571 2048 Nicolas
1591 2010 1614 2047 a
1633 2021 1674 2047 se

249 2067 434 2117 manager
451 2067 475 2104 a
492 2067 530 2105 la
548 2067 620 2105 fois
639 2067 801 2106 l'amitie
818 2068 869 2105 du
888 2080 986 2117 pape
1006 2068 1228 2107 Alexandra
1248 2069 1309 2106 111
1328 2074 1367 2107 et
1387 2068 1482 2107 cello
1502 2069 1548 2107 de
1570 2069 1674 2107 l’em-

249 2137 387 2175 pereur
405 2126 584 2165 Frederic
602 2127 668 2177 10‘,
689 2139 738 2166 au
758 2128 896 2166 milieu
915 2128 963 2166 de
985 2128 1020 2165 la
1039 2128 1182 2177 grande
1203 2129 1299 2167 lutte
1319 2130 1386 2179 qui
1405 2130 1478 2167 mit
1501 2129 1601 2168 alors
1628 2129 1675 2168 de

249 2197 427 2225 nouvoau
453 2198 528 2225 aux
555 2187 677 2237 prises
706 2188 742 2227 16
770 2188 973 2228 sacerdoce
1002 2194 1040 2227 et
1069 2189 1242 2239 l’empire
1272 2189 1431 2238 (Canon.
1462 2190 1673 2238 Gamerae„

251 2258 284 2285 c.
309 2247 368 2296 19,
389 2259 427 2296 p.
448 2247 547 2296 508).

1462 2971 1504 3008 16
