2092 3490
873 355 1059 390 NffiOLAI.
1618 361 1676 394 231

259 450 354 498 395
618 450 951 499 Verumtamen
976 463 1062 498 sua
1085 465 1225 499 causa

551 530 824 574 remanente
847 525 1145 586 inconcussa,

551 621 579 652 a
603 603 794 669 presule
819 603 1028 654 exhibita

553 686 713 730 manet
739 681 881 731 banni
907 682 1157 732 sententia.

471 853 555 897 De
587 852 752 898 malis
784 864 821 898 a.
851 853 1068 898 civibus
1098 855 1455 909 perpati-atis.

259 1003 354 1050 396
618 1003 846 1050 Furentes
870 1000 998 1049 cives
1022 999 1132 1051 ideo

550 1085 715 1145 spreto
739 1078 823 1128 Dei
849 1078 1063 1138 servitio,

552 1156 731 1222 quippe
756 1156 890 1222 cujus
915 1173 1013 1205 non
1039 1162 1113 1206 est
1136 1156 1282 1206 timor

549 1239 660 1282 ante
684 1250 852 1283 eorum
877 1234 1058 1293 oculos,

258 1312 353 1360 397
618 1327 714 1359 non
739 1310 942 1376 amplius
967 1311 1269 1361 considerant

552 1389 613 1439 de
638 1384 858 1438 omnibus
883 1389 1000 1455 quid
1025 1390 1200 1440 faciant
1229 1409 1239 1439 :

551 1484 663 1517 nam
688 1467 920 1528 vilescunt
944 1468 1209 1529 ecclesiam,

549 1550 705 1596 totum
730 1545 911 1595 clerum
935 1551 984 1595 et
1007 1547 1243 1597 ordinem.

259 1627 354 1674 398
618 1626 845 1690 Apostate
869 1624 1099 1674 inereduli

551 1708 604 1752 ut
628 1703 827 1769 gentiles
852 1708 901 1751 et
920 1703 1051 1769 judei

552 1780 816 1846 depravant
839 1780 994 1847 legem
1018 1780 1204 1830 Domini

551 1864 601 1908 et
624 1858 923 1924 prophanant
944 1857 1053 1924 jura
1076 1859 1178 1908 Dei.

259 1939 352 1986 399
620 1937 714 2003 Ipsi
741 1953 946 2002 namque
971 1937 1032 1986 ad
1057 1937 1320 1987 Briastrum

553 2020 770 2065 sanetum
795 2030 972 2081 corpus
996 2015 1286 2066 dominicum

550 2111 577 2141 a
601 2093 764 2159 pixide
789 2093 1061 2159 expositum

552 2170 667 2220 heu!
695 2176 852 2220 terrae
878 2171 1198 2238 projecerunt.

257 2248 354 2299 400
618 2249 759 2314 Apud
784 2249 1033 2316 Lesdengh
1057 2250 1186 2299 cives
1211 2250 1338 2300 idem

552 2326 766 2376 crucifixi
790 2326 1045 2394 imaginem

551 2412 695 2472 atque
718 2407 884 2456 matris
908 2408 993 2456 Dei
1017 2408 1222 2457 formam

232 2528 234 2530 .
552 2485 851 2552 confringere
877 2503 973 2535 non
998 2486 1234 2536 dubitant.

257 2562 344 2613 40⁴
617 2566 677 2613 Et
700 2563 746 2612 in
773 2564 1043 2614 Crevichori
1065 2565 1175 2614 villa

552 2640 613 2689 ab
637 2640 805 2690 eadem
829 2641 1098 2691 communia

552 2718 872 2785 prosternitur
897 2719 1119 2769 aecclesia

555 2797 698 2847 Jhesu
724 2796 909 2847 Christo
931 2803 1223 2847 consecrata.

259 2874 356 2925 402
620 2874 695 2924 Sic
719 2875 953 2925 sevientes
977 2875 1156 2942 agitant
