2092 3490
503 345 543 378 66

505 510 597 555 378

503 816 595 862 379

503 1123 595 1168 380

503 1431 585 1476 381

504 1737 597 1786 382

505 2045 597 2090 383

504 2348 598 2396 384

504 2659 597 2704 385

1127 341 1264 374 GESTA

794 428 1062 492 Lotharinqi
1086 426 1310 493 imperii1.

859 505 1074 554 Juramus
1100 511 1144 553 et
1169 504 1249 554 hoc
1273 505 1466 570 denique

792 598 874 631 nos
893 598 979 646 pro
1004 581 1338 630 christianitate

793 659 1079 708 Remensium
1104 659 1351 707 aecclesiae

792 751 1037 800 numquam
1061 735 1150 784 sibi
1174 735 1384 799 deficere,

856 828 1000 877 neque
1024 813 1146 861 inter
1170 828 1252 860 nos
1276 810 1539 860 monachum

791 905 873 938 nec
898 890 1101 938 abbatem
1125 905 1207 938 nec
1232 889 1446 939 clericum
1472 911 1476 912 ⁷

791 967 1045 1015 consentire
1069 982 1151 1015 nec
1178 967 1345 1015 laicum

792 1045 870 1108 qui
894 1045 956 1091 sit
981 1050 1139 1092 contra
1163 1045 1447 1108 episcopum,·

856 1121 990 1168 immo
1014 1120 1148 1168 illum
1173 1121 1403 1185 expellere

792 1196 847 1244 ab
871 1196 981 1245 urbe
1007 1213 1107 1245 cum
1133 1197 1349 1246 dedecore

790 1275 870 1337 qui
893 1274 949 1322 de
974 1275 1071 1338 ipso
1097 1273 1331 1323 inhoneste

791 1350 976 1399 audebit
999 1351 1138 1400 verba
1161 1352 1331 1415 facere,

857 1435 901 1475 et
925 1430 1126 1492 recipere
1152 1430 1373 1476 neminem

792 1504 847 1552 de
873 1505 1052 1553 clericis
1078 1511 1212 1554 eoetra
1235 1505 1392 1554 urbem

796 1584 875 1645 qui
898 1589 1006 1631 sunt
1031 1589 1190 1631 contra
1209 1582 1469 1647 pontificem

792 1660 885 1707 nisi
902 1674 989 1723 per
1012 1675 1144 1708 suam
1167 1661 1383 1723 qratiam.

857 1736 921 1783 Et
945 1736 1000 1784 de
1019 1736 1224 1800 presulis
1251 1736 1442 1800 leqibus,

791 1812 847 1860 de
872 1813 1271 1861 consuetudinibus

793 1896 845 1937 ut
868 1890 1054 1953 fuerunt
1079 1891 1333 1954 antiquitus

792 1967 890 2014 suis
909 1966 1305 2031 predecessoribus

858 2059 940 2091 nec
965 2045 1203 2108 quicquam
1227 2057 1568 2107 supercrescere

792 2135 874 2168 nec
900 2120 960 2168 ad
984 2123 1135 2168 minus
1161 2121 1433 2169 descendere

783 2197 1001 2259 juramus
1027 2212 1077 2245 eo
1102 2198 1279 2245 vivente

793 2278 838 2320 et
860 2289 1168 2322 successorum
1193 2280 1404 2337 tempore.

858 2352 1020 2398 Preter
1038 2349 1144 2414 jura
1169 2349 1378 2414 episcopi

793 2443 913 2490 quae
933 2426 1060 2491 jurat
1085 2432 1214 2475 cetus
1239 2426 1399 2491 populi

792 2502 868 2551 hic
892 2520 1083 2552 necesse
1108 2520 1202 2552 non
1226 2503 1359 2551 affuit

792 2579 1059 2644 singulatim
1083 2580 1322 2637 interseri3

858 2656 941 2704 sed
966 2657 1093 2720 quod
1114 2657 1271 2722 jurant
1295 2656 1518 2721 episcopo

554 2835 582 2867 1.
612 2828 744 2877 Comp.
767 2830 1033 2872 Introduction,
1058 2839 1165 2865 num.
1188 2828 1246 2865 23.
