2092 3490
486 357 543 393 196

481 602 576 647 ⁴59

481 907 572 954 160

479 1216 562 1262 161

479 1525 572 1574 162

477 1834 568 1880 163

477 2139 571 2187 164

477 2451 570 2496 165

1111 356 1247 391 GESTA

773 450 820 494 et
844 444 1078 510 precurrit
1102 449 1155 493 ut
1177 445 1312 494 feriat

772 527 912 587 atque
938 521 1120 585 primus
1144 521 1362 579 introeat,

836 598 968 646 illum
991 597 1081 646 viri
1107 597 1166 647 de
1191 599 1380 647 castello

771 680 1128 741 prosternentes
1153 675 1373 725 continuo

770 751 935 800 audaci
960 755 1149 816 captant
1172 752 1328 800 animo

770 829 1018 878 auxiliante
1043 829 1260 878 Domin0.

835 909 983 954 Deum
1007 906 1133 954 enim
1156 905 1426 971 permisisse

769 983 911 1032 credo
934 988 1074 1048 atque
1099 983 1305 1032 voluisse

769 1060 898 1125 quod
920 1066 1085 1126 captus
1111 1066 1182 1109 est
1206 1077 1408 1126 nequam
1434 1061 1536 1126 ipse

768 1138 944 1186 crudeli
971 1138 1132 1187 furens
1157 1138 1305 1187 rabie.

834 1214 987 1264 Credo
1012 1218 1160 1264 Deum
1185 1220 1402 1280 preterea

768 1291 882 1340 haec
906 1293 1070 1340 fecisse
1095 1292 1318 1342 miracula

769 1368 831 1417 ob
856 1369 1108 1418 viduarum
1132 1370 1350 1419 lacrimas

768 1452 815 1513 et
839 1464 1104 1512 pauperum
1129 1447 1360 1496 miserias.

834 1527 952 1573 Nam
974 1524 1166 1588 quando
1191 1531 1356 1589 captus
1381 1524 1548 1574 cecidit

768 1600 835 1649 sic
863 1602 1053 1650 fuerunt
1078 1601 1125 1649 in
1151 1601 1299 1651 extasi

769 1678 938 1727 milites
963 1679 1062 1744 ejus
1087 1679 1224 1744 positi

766 1755 895 1819 quod
920 1756 1074 1804 nullus
1098 1755 1141 1804 ei
1167 1755 1386 1805 subvenit

831 1838 879 1880 et
904 1832 963 1880 de
989 1832 1086 1882 suis
1110 1833 1353 1891 militibus,

765 1909 893 1974 quod
918 1926 1143 1975 magnum
1167 1910 1254 1960 fuit
1278 1909 1500 1968 dedecus,

767 2004 862 2035 non
886 1993 958 2036 est
984 1994 1149 2053 captus
1175 2004 1335 2036 secum
1359 2004 1497 2046 unus,

765 2064 1039 2113 vulneratus
1063 2070 1144 2113 aut
1166 2070 1460 2130 peremptus.

833 2141 915 2189 Cui
942 2141 979 2189 si
1004 2147 1076 2190 tot
1100 2142 1320 2190 mulieres

765 2224 923 2266 essent
947 2224 1063 2283 quot
1089 2225 1222 2267 erant
1247 2219 1428 2284 equites

765 2294 953 2342 liberari
978 2295 1211 2359 potuisset

769 2371 809 2419 si
834 2371 994 2420 vivere
1019 2372 1275 2420 habuisset.

833 2448 923 2497 Sed
948 2449 1147 2497 fortasse
1173 2448 1396 2497 divinitus

766 2525 831 2573 ita
855 2525 942 2574 fuit
966 2525 1222 2590 dispositus

766 2601 854 2650 sibi
879 2602 1063 2651 dierum
1086 2619 1310 2651 numerus

766 2683 814 2727 et
836 2678 1002 2727 mortis
1028 2695 1139 2728 suae
1162 2678 1408 2728 terminus.
