<?xml version="1.0" encoding="UTF-8"?>
<!DOCTYPE html PUBLIC "-//W3C//DTD XHTML 1.0 Transitional//EN"
    "http://www.w3.org/TR/xhtml1/DTD/xhtml1-transitional.dtd">
<html xmlns="http://www.w3.org/1999/xhtml" xml:lang="en" lang="en">
 <head>
  <title>
</title>
<meta http-equiv="Content-Type" content="text/html;charset=utf-8" />
  <meta name='ocr-system' content='tesseract 3.04.00' />
  <meta name='ocr-capabilities' content='ocr_page ocr_carea ocr_par ocr_line ocrx_word'/>
</head>
<body>
  <div class='ocr_page' id='page_1' title='image "./gestapontificumc00cambuoft_0237.png"; bbox 0 0 2092 3490; ppageno 0'>
   <div class='ocr_carea' id='block_1_1' title="bbox 882 334 1684 371">
    <p class='ocr_par' dir='ltr' id='par_1_1' title="bbox 882 334 1684 371">
     <span class='ocr_line' id='line_1_1' title="bbox 882 334 1684 371; baseline -0.001 -2"><span class='ocrx_word' id='word_1_1' title='bbox 882 337 1068 371; x_wconf 77' lang='lat' dir='ltr'><strong>NICOLAI.</strong></span> <span class='ocrx_word' id='word_1_2' title='bbox 1626 334 1684 368; x_wconf 87' lang='lat'><strong>185</strong></span> 
     </span>
    </p>
   </div>
   <div class='ocr_carea' id='block_1_2' title="bbox 300 427 1413 1413">
    <p class='ocr_par' dir='ltr' id='par_1_2' title="bbox 300 427 1413 1413">
     <span class='ocr_line' id='line_1_2' title="bbox 560 427 1288 491; baseline -0.005 -13"><span class='ocrx_word' id='word_1_3' title='bbox 560 429 659 478; x_wconf 60' lang='lat' dir='ltr'><strong>tam</strong></span> <span class='ocrx_word' id='word_1_4' title='bbox 684 446 712 477; x_wconf 88' lang='lat' dir='ltr'><strong>a</strong></span> <span class='ocrx_word' id='word_1_5' title='bbox 733 427 893 477; x_wconf 87' lang='lat' dir='ltr'><strong>Remis</strong></span> <span class='ocrx_word' id='word_1_6' title='bbox 917 441 1061 491; x_wconf 87' lang='lat' dir='ltr'><strong>quam</strong></span> <span class='ocrx_word' id='word_1_7' title='bbox 1087 443 1114 474; x_wconf 85' lang='lat' dir='ltr'><strong>a</strong></span> <span class='ocrx_word' id='word_1_8' title='bbox 1139 428 1288 475; x_wconf 87' lang='lat' dir='ltr'><strong>Roma</strong></span> 
     </span>
     <span class='ocr_line' id='line_1_3' title="bbox 300 503 1172 559; baseline -0.008 0"><span class='ocrx_word' id='word_1_9' title='bbox 300 511 363 559; x_wconf 85' lang='lat'><strong>83</strong></span> <span class='ocrx_word' id='word_1_10' title='bbox 624 511 679 555; x_wconf 88' lang='lat' dir='ltr'><strong>ut</strong></span> <span class='ocrx_word' id='word_1_11' title='bbox 702 522 782 555; x_wconf 90' lang='lat' dir='ltr'><strong>res</strong></span> <span class='ocrx_word' id='word_1_12' title='bbox 807 503 1172 554; x_wconf 80' lang='lat' dir='ltr'><strong>aecclesiasticas</strong></span> 
     </span>
     <span class='ocr_line' id='line_1_4' title="bbox 559 582 1140 652; baseline -0.005 -18"><span class='ocrx_word' id='word_1_13' title='bbox 559 584 794 652; x_wconf 79' lang='lat' dir='ltr'><strong>gubernet</strong></span> <span class='ocrx_word' id='word_1_14' title='bbox 817 588 865 633; x_wconf 86' lang='lat' dir='ltr'><strong>et</strong></span> <span class='ocrx_word' id='word_1_15' title='bbox 889 582 1140 649; x_wconf 83' lang='lat' dir='ltr'><strong>provideat</strong></span> 
     </span>
     <span class='ocr_line' id='line_1_5' title="bbox 562 660 1147 727; baseline -0.005 -15"><span class='ocrx_word' id='word_1_16' title='bbox 562 667 612 712; x_wconf 88' lang='lat' dir='ltr'><strong>et</strong></span> <span class='ocrx_word' id='word_1_17' title='bbox 635 662 808 727; x_wconf 89' lang='lat' dir='ltr'><strong>quibus</strong></span> <span class='ocrx_word' id='word_1_18' title='bbox 831 661 947 716; x_wconf 85' lang='lat' dir='ltr'><strong>velit</strong></span> <span class='ocrx_word' id='word_1_19' title='bbox 969 660 1147 710; x_wconf 87' lang='lat' dir='ltr'><strong>tribuat</strong></span> 
     </span>
     <span class='ocr_line' id='line_1_6' title="bbox 564 738 1110 806; baseline -0.004 -17"><span class='ocrx_word' id='word_1_20' title='bbox 564 739 834 806; x_wconf 84' lang='lat' dir='ltr'><strong>prebendas</strong></span> <span class='ocrx_word' id='word_1_21' title='bbox 858 745 906 788; x_wconf 89' lang='lat' dir='ltr'><strong>et</strong></span> <span class='ocrx_word' id='word_1_22' title='bbox 929 738 1110 788; x_wconf 86' lang='lat' dir='ltr'><strong>altaria.</strong></span> 
     </span>
     <span class='ocr_line' id='line_1_7' title="bbox 306 815 1147 871; baseline -0.01 0"><span class='ocrx_word' id='word_1_23' title='bbox 306 820 369 871; x_wconf 70' lang='lat'><strong>84</strong></span> <span class='ocrx_word' id='word_1_24' title='bbox 632 816 916 868; x_wconf 84' lang='lat' dir='ltr'>Conceditur</span> <span class='ocrx_word' id='word_1_25' title='bbox 939 833 1057 865; x_wconf 87' lang='lat' dir='ltr'><strong>vero</strong></span> <span class='ocrx_word' id='word_1_26' title='bbox 1082 815 1147 864; x_wconf 91' lang='lat' dir='ltr'><strong>illi</strong></span> 
     </span>
     <span class='ocr_line' id='line_1_8' title="bbox 566 892 1158 944; baseline -0.007 0"><span class='ocrx_word' id='word_1_27' title='bbox 566 895 688 944; x_wconf 83' lang='lat' dir='ltr'><strong>infra</strong></span> <span class='ocrx_word' id='word_1_28' title='bbox 711 894 904 944; x_wconf 85' lang='lat' dir='ltr'><strong>ordines</strong></span> <span class='ocrx_word' id='word_1_29' title='bbox 925 892 1158 942; x_wconf 74' lang='lat' dir='ltr'><strong>manenti¹</strong></span> 
     </span>
     <span class='ocr_line' id='line_1_9' title="bbox 570 970 1166 1038; baseline -0.007 -15"><span class='ocrx_word' id='word_1_30' title='bbox 570 974 750 1024; x_wconf 90' lang='lat' dir='ltr'><strong>clerum</strong></span> <span class='ocrx_word' id='word_1_31' title='bbox 775 971 1040 1038; x_wconf 88' lang='lat' dir='ltr'><strong>subjectum</strong></span> <span class='ocrx_word' id='word_1_32' title='bbox 1063 970 1166 1020; x_wconf 89' lang='lat' dir='ltr'><strong>fieri</strong></span> 
     </span>
     <span class='ocr_line' id='line_1_10' title="bbox 566 1048 1413 1114; baseline -0.006 -14"><span class='ocrx_word' id='word_1_33' title='bbox 566 1067 799 1100; x_wconf 89' lang='lat' dir='ltr'><strong>consensu</strong></span> <span class='ocrx_word' id='word_1_34' title='bbox 825 1048 1088 1114; x_wconf 86' lang='lat' dir='ltr'><strong>apostolici.</strong></span> <span class='ocrx_word' id='word_1_35' title='bbox 1410 1105 1413 1109; x_wconf 11' lang='grc' dir='ltr'><strong>Α</strong></span> 
     </span>
     <span class='ocr_line' id='line_1_11' title="bbox 308 1124 1349 1191; baseline -0.008 -10"><span class='ocrx_word' id='word_1_36' title='bbox 308 1134 369 1182; x_wconf 83' lang='grc'><strong>85</strong></span> <span class='ocrx_word' id='word_1_37' title='bbox 634 1133 733 1179; x_wconf 89' lang='lat' dir='ltr'><strong>Hoc</strong></span> <span class='ocrx_word' id='word_1_38' title='bbox 754 1133 909 1177; x_wconf 81' lang='lat' dir='ltr'><strong>totum</strong></span> <span class='ocrx_word' id='word_1_39' title='bbox 933 1132 1007 1176; x_wconf 88' lang='lat' dir='ltr'><strong>est</strong></span> <span class='ocrx_word' id='word_1_40' title='bbox 1031 1124 1349 1191; x_wconf 86' lang='lat' dir='ltr'><strong>compositum</strong></span> 
     </span>
     <span class='ocr_line' id='line_1_12' title="bbox 568 1204 1316 1272; baseline -0.008 -15"><span class='ocrx_word' id='word_1_41' title='bbox 568 1207 827 1272; x_wconf 81' lang='lat' dir='ltr'><strong>datumque</strong></span> <span class='ocrx_word' id='word_1_42' title='bbox 853 1209 1036 1272; x_wconf 87' lang='lat' dir='ltr'><strong>spectat</strong></span> <span class='ocrx_word' id='word_1_43' title='bbox 1059 1204 1316 1253; x_wconf 90' lang='lat' dir='ltr'><strong>terminum</strong></span> 
     </span>
     <span class='ocr_line' id='line_1_13' title="bbox 570 1282 1233 1352; baseline -0.008 -16"><span class='ocrx_word' id='word_1_44' title='bbox 570 1303 666 1352; x_wconf 89' lang='lat' dir='ltr'><strong>quo</strong></span> <span class='ocrx_word' id='word_1_45' title='bbox 691 1284 904 1351; x_wconf 82' lang='lat' dir='ltr'><strong>pontifex</strong></span> <span class='ocrx_word' id='word_1_46' title='bbox 928 1282 1233 1332; x_wconf 89' lang='lat' dir='ltr'><strong>Remensium</strong></span> 
     </span>
     <span class='ocr_line' id='line_1_14' title="bbox 570 1362 1103 1413; baseline -0.008 0"><span class='ocrx_word' id='word_1_47' title='bbox 570 1363 809 1413; x_wconf 81' lang='lat' dir='ltr'><strong>ordinabit</strong></span> <span class='ocrx_word' id='word_1_48' title='bbox 834 1362 1103 1411; x_wconf 88' lang='lat' dir='ltr'><strong>diaconum.</strong></span> 
     </span>
    </p>
   </div>
   <div class='ocr_carea' id='block_1_3' title="bbox 0 0 140 1324">
    <p class='ocr_par' dir='ltr' id='par_1_3' title="bbox 0 0 140 1324">
     <span class='ocr_line' id='line_1_15' title="bbox 0 0 140 1324; baseline 0 0"><span class='ocrx_word' id='word_1_49' title='bbox 0 0 140 1324; x_wconf 95' lang='lat' dir='ltr'><strong> </strong></span> 
     </span>
    </p>
   </div>
   <div class='ocr_carea' id='block_1_4' title="bbox 634 1525 1339 1580">
    <p class='ocr_par' dir='ltr' id='par_1_4' title="bbox 634 1525 1339 1580">
     <span class='ocr_line' id='line_1_16' title="bbox 634 1525 1339 1580; baseline -0.007 -7"><span class='ocrx_word' id='word_1_50' title='bbox 634 1529 717 1573; x_wconf 88' lang='lat' dir='ltr'><strong>De</strong></span> <span class='ocrx_word' id='word_1_51' title='bbox 749 1525 1170 1572; x_wconf 80' lang='lat' dir='ltr'><strong>consecratione</strong></span> <span class='ocrx_word' id='word_1_52' title='bbox 1202 1525 1339 1580; x_wconf 84' lang='lat' dir='ltr'><strong>ejus.</strong></span> 
     </span>
    </p>
   </div>
   <div class='ocr_carea' id='block_1_5' title="bbox 314 1675 1242 2445">
    <p class='ocr_par' dir='ltr' id='par_1_5' title="bbox 314 1675 1241 1960">
     <span class='ocr_line' id='line_1_17' title="bbox 314 1675 1241 1742; baseline -0.006 -15"><span class='ocrx_word' id='word_1_53' title='bbox 314 1681 377 1727; x_wconf 90' lang='grc'><strong>86</strong></span> <span class='ocrx_word' id='word_1_54' title='bbox 639 1675 864 1742; x_wconf 89' lang='lat' dir='ltr'><strong>Ejusdem</strong></span> <span class='ocrx_word' id='word_1_55' title='bbox 889 1675 998 1723; x_wconf 88' lang='lat' dir='ltr'><strong>anni</strong></span> <span class='ocrx_word' id='word_1_56' title='bbox 1024 1680 1241 1740; x_wconf 86' lang='lat' dir='ltr'><strong>tempore</strong></span> 
     </span>
     <span class='ocr_line' id='line_1_18' title="bbox 575 1751 1112 1819; baseline -0.007 -15"><span class='ocrx_word' id='word_1_57' title='bbox 575 1754 635 1804; x_wconf 86' lang='lat' dir='ltr'><strong>ab</strong></span> <span class='ocrx_word' id='word_1_58' title='bbox 661 1755 767 1819; x_wconf 88' lang='lat' dir='ltr'><strong>ipso</strong></span> <span class='ocrx_word' id='word_1_59' title='bbox 791 1751 1112 1817; x_wconf 83' lang='lat' dir='ltr'><strong>archipresule</strong></span> 
     </span>
     <span class='ocr_line' id='line_1_19' title="bbox 577 1831 1036 1883; baseline -0.007 -1"><span class='ocrx_word' id='word_1_60' title='bbox 577 1833 755 1883; x_wconf 84' lang='lat' dir='ltr'><strong>ditatur</strong></span> <span class='ocrx_word' id='word_1_61' title='bbox 778 1831 1036 1880; x_wconf 89' lang='lat' dir='ltr'><strong>honorifice</strong></span> 
     </span>
     <span class='ocr_line' id='line_1_20' title="bbox 579 1908 1061 1960; baseline -0.006 0"><span class='ocrx_word' id='word_1_62' title='bbox 579 1910 853 1960; x_wconf 83' lang='lat' dir='ltr'><strong>diaconatus</strong></span> <span class='ocrx_word' id='word_1_63' title='bbox 877 1908 1061 1958; x_wconf 88' lang='lat' dir='ltr'><strong>ordine.</strong></span> 
     </span>
    </p>

    <p class='ocr_par' dir='ltr' id='par_1_6' title="bbox 318 1986 1242 2210">
     <span class='ocr_line' id='line_1_21' title="bbox 318 1986 1239 2040; baseline -0.005 0"><span class='ocrx_word' id='word_1_64' title='bbox 318 1993 379 2040; x_wconf 90' lang='lat'><strong>87</strong></span> <span class='ocrx_word' id='word_1_65' title='bbox 645 1991 759 2038; x_wconf 82' lang='lat' dir='ltr'><strong>Post</strong></span> <span class='ocrx_word' id='word_1_66' title='bbox 778 1988 896 2037; x_wconf 84' lang='lat' dir='ltr'><strong>haec</strong></span> <span class='ocrx_word' id='word_1_67' title='bbox 918 1987 966 2035; x_wconf 91' lang='lat' dir='ltr'><strong>in</strong></span> <span class='ocrx_word' id='word_1_68' title='bbox 989 1986 1066 2036; x_wconf 91' lang='lat' dir='ltr'><strong>die</strong></span> <span class='ocrx_word' id='word_1_69' title='bbox 1093 1986 1239 2035; x_wconf 85' lang='lat' dir='ltr'><strong>sabati</strong></span> 
     </span>
     <span class='ocr_line' id='line_1_22' title="bbox 579 2064 1104 2116; baseline -0.008 0"><span class='ocrx_word' id='word_1_70' title='bbox 579 2072 688 2116; x_wconf 86' lang='lat' dir='ltr'><strong>ante</strong></span> <span class='ocrx_word' id='word_1_71' title='bbox 712 2066 864 2116; x_wconf 85' lang='lat' dir='ltr'><strong>natale</strong></span> <span class='ocrx_word' id='word_1_72' title='bbox 889 2064 1104 2115; x_wconf 80' lang='lat' dir='ltr'><strong>Domini2</strong></span> 
     </span>
     <span class='ocr_line' id='line_1_23' title="bbox 579 2142 1242 2210; baseline -0.005 -17"><span class='ocrx_word' id='word_1_73' title='bbox 579 2149 836 2210; x_wconf 79' lang='lat' dir='ltr'><strong>provectus</strong></span> <span class='ocrx_word' id='word_1_74' title='bbox 862 2148 935 2192; x_wconf 89' lang='lat' dir='ltr'><strong>est</strong></span> <span class='ocrx_word' id='word_1_75' title='bbox 959 2142 1242 2192; x_wconf 79' lang='lat' dir='ltr'><strong>sanctissimi</strong></span> 
     </span>
    </p>

    <p class='ocr_par' dir='ltr' id='par_1_7' title="bbox 452 2219 1149 2281">
     <span class='ocr_line' id='line_1_24' title="bbox 452 2219 1149 2281; baseline -0.004 -9"><span class='ocrx_word' id='word_1_76' title='bbox 452 2277 455 2281; x_wconf 56' lang='grc'><strong>,</strong></span> <span class='ocrx_word' id='word_1_77' title='bbox 578 2222 641 2272; x_wconf 80' lang='lat' dir='ltr'><strong>ad</strong></span> <span class='ocrx_word' id='word_1_78' title='bbox 667 2222 854 2271; x_wconf 89' lang='lat' dir='ltr'><strong>culmen</strong></span> <span class='ocrx_word' id='word_1_79' title='bbox 880 2219 1149 2270; x_wconf 86' lang='lat' dir='ltr'><strong>sacerdotii.</strong></span> 
     </span>
    </p>

    <p class='ocr_par' dir='ltr' id='par_1_8' title="bbox 322 2297 1230 2359">
     <span class='ocr_line' id='line_1_25' title="bbox 322 2297 1230 2359; baseline -0.004 -9"><span class='ocrx_word' id='word_1_80' title='bbox 322 2304 382 2350; x_wconf 89' lang='lat'><strong>88</strong></span> <span class='ocrx_word' id='word_1_81' title='bbox 647 2301 747 2359; x_wconf 86' lang='lat' dir='ltr'><strong>Qua</strong></span> <span class='ocrx_word' id='word_1_82' title='bbox 772 2315 888 2347; x_wconf 86' lang='lat' dir='ltr'><strong>vero</strong></span> <span class='ocrx_word' id='word_1_83' title='bbox 914 2302 1129 2354; x_wconf 85' lang='lat' dir='ltr'><strong>cantatur</strong></span> <span class='ocrx_word' id='word_1_84' title='bbox 1154 2297 1230 2346; x_wconf 89' lang='lat' dir='ltr'><strong>die</strong></span> 
     </span>
    </p>

    <p class='ocr_par' dir='ltr' id='par_1_9' title="bbox 582 2376 1234 2445">
     <span class='ocr_line' id='line_1_26' title="bbox 582 2376 1234 2445; baseline -0.003 -19"><span class='ocrx_word' id='word_1_85' title='bbox 582 2376 802 2426; x_wconf 81' lang='lat' dir='ltr'><strong>Memento</strong></span> <span class='ocrx_word' id='word_1_86' title='bbox 828 2378 992 2435; x_wconf 77' lang='lat' dir='ltr'><strong>nostri,</strong></span> <span class='ocrx_word' id='word_1_87' title='bbox 1022 2376 1234 2445; x_wconf 71' lang='lat' dir='ltr'><strong>Domine3</strong></span> 
     </span>
    </p>
   </div>
   <div class='ocr_carea' id='block_1_6' title="bbox 291 2567 1714 2916">
    <p class='ocr_par' dir='ltr' id='par_1_10' title="bbox 340 2567 1536 2616">
     <span class='ocr_line' id='line_1_27' title="bbox 340 2567 1536 2616; baseline -0.006 -8"><span class='ocrx_word' id='word_1_88' title='bbox 340 2572 372 2608; x_wconf 91' lang='grc'><strong>1.</strong></span> <span class='ocrx_word' id='word_1_89' title='bbox 401 2567 651 2607; x_wconf 71' lang='lat' dir='ltr'><strong>C‘est-a-dire</strong></span> <span class='ocrx_word' id='word_1_90' title='bbox 669 2570 826 2616; x_wconf 76' lang='lat' dir='ltr'><strong>n&#39;ayant</strong></span> <span class='ocrx_word' id='word_1_91' title='bbox 842 2579 912 2616; x_wconf 83' lang='lat' dir='ltr'><strong>pas</strong></span> <span class='ocrx_word' id='word_1_92' title='bbox 931 2578 1059 2605; x_wconf 81' lang='lat' dir='ltr'><strong>encore</strong></span> <span class='ocrx_word' id='word_1_93' title='bbox 1078 2579 1165 2612; x_wconf 66' lang='lat' dir='ltr'><strong>recu</strong></span> <span class='ocrx_word' id='word_1_94' title='bbox 1186 2570 1235 2604; x_wconf 83' lang='lat' dir='ltr'><strong>les</strong></span> <span class='ocrx_word' id='word_1_95' title='bbox 1255 2567 1382 2603; x_wconf 67' lang='lat' dir='ltr'><strong>ordros</strong></span> <span class='ocrx_word' id='word_1_96' title='bbox 1401 2569 1536 2602; x_wconf 66' lang='lat' dir='ltr'><strong>sacres.</strong></span> 
     </span>
    </p>

    <p class='ocr_par' dir='ltr' id='par_1_11' title="bbox 291 2623 1712 2739">
     <span class='ocr_line' id='line_1_28' title="bbox 337 2623 1712 2682; baseline -0.005 -15"><span class='ocrx_word' id='word_1_97' title='bbox 337 2630 373 2667; x_wconf 76' lang='lat'><strong>2.</strong></span> <span class='ocrx_word' id='word_1_98' title='bbox 400 2630 455 2667; x_wconf 86' lang='lat' dir='ltr'><strong>La</strong></span> <span class='ocrx_word' id='word_1_99' title='bbox 474 2629 549 2666; x_wconf 77' lang='lat' dir='ltr'><strong>sete</strong></span> <span class='ocrx_word' id='word_1_100' title='bbox 568 2627 616 2666; x_wconf 90' lang='lat' dir='ltr'><strong>de</strong></span> <span class='ocrx_word' id='word_1_101' title='bbox 629 2627 726 2682; x_wconf 73' lang='lat' dir='ltr'><strong>Noel</strong></span> <span class='ocrx_word' id='word_1_102' title='bbox 745 2628 909 2666; x_wconf 82' lang='lat' dir='ltr'><strong>tombait</strong></span> <span class='ocrx_word' id='word_1_103' title='bbox 927 2632 1027 2666; x_wconf 86' lang='lat' dir='ltr'><strong>cette</strong></span> <span class='ocrx_word' id='word_1_104' title='bbox 1047 2629 1171 2665; x_wconf 76' lang='lat' dir='ltr'><strong>annee</strong></span> <span class='ocrx_word' id='word_1_105' title='bbox 1194 2627 1285 2665; x_wconf 88' lang='grc'><strong>1136</strong></span> <span class='ocrx_word' id='word_1_106' title='bbox 1305 2637 1360 2663; x_wconf 88' lang='lat' dir='ltr'><strong>un</strong></span> <span class='ocrx_word' id='word_1_107' title='bbox 1380 2623 1577 2673; x_wconf 77' lang='lat' dir='ltr'><strong>vendredi,</strong></span> <span class='ocrx_word' id='word_1_108' title='bbox 1593 2628 1631 2661; x_wconf 91' lang='lat' dir='ltr'><strong>et</strong></span> <span class='ocrx_word' id='word_1_109' title='bbox 1645 2635 1712 2672; x_wconf 82' lang='lat' dir='ltr'><strong>par</strong></span> 
     </span>
     <span class='ocr_line' id='line_1_29' title="bbox 291 2684 1708 2739; baseline -0.006 -10"><span class='ocrx_word' id='word_1_110' title='bbox 291 2689 528 2739; x_wconf 76' lang='lat' dir='ltr'><strong>consequent</strong></span> <span class='ocrx_word' id='word_1_111' title='bbox 547 2687 583 2726; x_wconf 92' lang='lat' dir='ltr'><strong>le</strong></span> <span class='ocrx_word' id='word_1_112' title='bbox 603 2687 749 2726; x_wconf 81' lang='lat' dir='ltr'><strong>samedi</strong></span> <span class='ocrx_word' id='word_1_113' title='bbox 770 2688 974 2737; x_wconf 74' lang='lat' dir='ltr'><strong>precedent</strong></span> <span class='ocrx_word' id='word_1_114' title='bbox 993 2687 1136 2736; x_wconf 77' lang='lat' dir='ltr'><strong>repond</strong></span> <span class='ocrx_word' id='word_1_115' title='bbox 1159 2688 1180 2724; x_wconf 69' lang='lat' dir='ltr'><strong>a</strong></span> <span class='ocrx_word' id='word_1_116' title='bbox 1200 2686 1238 2724; x_wconf 86' lang='lat' dir='ltr'><strong>la</strong></span> <span class='ocrx_word' id='word_1_117' title='bbox 1256 2686 1344 2723; x_wconf 83' lang='lat' dir='ltr'><strong>date</strong></span> <span class='ocrx_word' id='word_1_118' title='bbox 1363 2685 1415 2722; x_wconf 90' lang='lat' dir='ltr'><strong>du</strong></span> <span class='ocrx_word' id='word_1_119' title='bbox 1438 2685 1481 2722; x_wconf 82' lang='grc'><strong>19</strong></span> <span class='ocrx_word' id='word_1_120' title='bbox 1496 2684 1708 2722; x_wconf 77' lang='lat' dir='ltr'><strong>decembre.</strong></span> 
     </span>
    </p>

    <p class='ocr_par' dir='ltr' id='par_1_12' title="bbox 294 2743 1714 2916">
     <span class='ocr_line' id='line_1_30' title="bbox 341 2743 1713 2797; baseline -0.005 -9"><span class='ocrx_word' id='word_1_121' title='bbox 341 2750 376 2788; x_wconf 84' lang='lat'><strong>3.</strong></span> <span class='ocrx_word' id='word_1_122' title='bbox 392 2749 546 2786; x_wconf 88' lang='lat' dir='ltr'><strong>Ancien</strong></span> <span class='ocrx_word' id='word_1_123' title='bbox 556 2748 691 2786; x_wconf 81' lang='lat' dir='ltr'><strong>introit</strong></span> <span class='ocrx_word' id='word_1_124' title='bbox 699 2747 750 2785; x_wconf 88' lang='lat' dir='ltr'><strong>du</strong></span> <span class='ocrx_word' id='word_1_125' title='bbox 763 2748 976 2797; x_wconf 73' lang='lat' dir='ltr'><strong>quan-ieme</strong></span> <span class='ocrx_word' id='word_1_126' title='bbox 987 2747 1192 2785; x_wconf 88' lang='lat' dir='ltr'><strong>dimanche</strong></span> <span class='ocrx_word' id='word_1_127' title='bbox 1203 2747 1250 2784; x_wconf 90' lang='lat' dir='ltr'><strong>de</strong></span> <span class='ocrx_word' id='word_1_128' title='bbox 1262 2746 1432 2783; x_wconf 82' lang='lat' dir='ltr'><strong>l’Avent.</strong></span> <span class='ocrx_word' id='word_1_129' title='bbox 1444 2745 1496 2782; x_wconf 88' lang='lat' dir='ltr'><strong>Ge</strong></span> <span class='ocrx_word' id='word_1_130' title='bbox 1508 2743 1713 2782; x_wconf 84' lang='lat' dir='ltr'><strong>dimanche</strong></span> 
     </span>
     <span class='ocr_line' id='line_1_31' title="bbox 294 2803 1714 2853; baseline -0.005 -5"><span class='ocrx_word' id='word_1_131' title='bbox 294 2808 455 2853; x_wconf 79' lang='lat' dir='ltr'><strong>tombait</strong></span> <span class='ocrx_word' id='word_1_132' title='bbox 473 2819 522 2846; x_wconf 91' lang='lat' dir='ltr'><strong>en</strong></span> <span class='ocrx_word' id='word_1_133' title='bbox 549 2807 641 2845; x_wconf 84' lang='lat'><strong>1136</strong></span> <span class='ocrx_word' id='word_1_134' title='bbox 660 2818 710 2846; x_wconf 86' lang='lat' dir='ltr'><strong>au</strong></span> <span class='ocrx_word' id='word_1_135' title='bbox 728 2808 775 2846; x_wconf 80' lang='lat'><strong>20</strong></span> <span class='ocrx_word' id='word_1_136' title='bbox 796 2807 1010 2846; x_wconf 78' lang='lat' dir='ltr'><strong>decembre.</strong></span> <span class='ocrx_word' id='word_1_137' title='bbox 1037 2806 1099 2845; x_wconf 88' lang='lat' dir='ltr'><strong>On</strong></span> <span class='ocrx_word' id='word_1_138' title='bbox 1124 2812 1259 2844; x_wconf 87' lang='lat' dir='ltr'><strong>trouve</strong></span> <span class='ocrx_word' id='word_1_139' title='bbox 1278 2805 1375 2843; x_wconf 85' lang='lat' dir='ltr'><strong>dans</strong></span> <span class='ocrx_word' id='word_1_140' title='bbox 1400 2805 1436 2842; x_wconf 92' lang='lat' dir='ltr'><strong>le</strong></span> <span class='ocrx_word' id='word_1_141' title='bbox 1461 2808 1564 2843; x_wconf 83' lang='lat' dir='ltr'><strong>texte</strong></span> <span class='ocrx_word' id='word_1_142' title='bbox 1584 2803 1714 2853; x_wconf 77' lang='lat' dir='ltr'><strong>publie</strong></span> 
     </span>
     <span class='ocr_line' id='line_1_32' title="bbox 295 2863 1712 2916; baseline -0.004 -9"><span class='ocrx_word' id='word_1_143' title='bbox 295 2868 343 2907; x_wconf 91' lang='lat' dir='ltr'><strong>de</strong></span> <span class='ocrx_word' id='word_1_144' title='bbox 355 2867 539 2907; x_wconf 84' lang='lat' dir='ltr'><strong>Lambert</strong></span> <span class='ocrx_word' id='word_1_145' title='bbox 550 2867 598 2905; x_wconf 90' lang='lat' dir='ltr'><strong>de</strong></span> <span class='ocrx_word' id='word_1_146' title='bbox 610 2867 822 2915; x_wconf 80' lang='lat' dir='ltr'><strong>Watrelos‚</strong></span> <span class='ocrx_word' id='word_1_147' title='bbox 837 2879 934 2916; x_wconf 89' lang='lat' dir='ltr'><strong>pour</strong></span> <span class='ocrx_word' id='word_1_148' title='bbox 946 2867 983 2904; x_wconf 89' lang='lat' dir='ltr'><strong>la</strong></span> <span class='ocrx_word' id='word_1_149' title='bbox 996 2867 1083 2905; x_wconf 83' lang='lat' dir='ltr'><strong>date</strong></span> <span class='ocrx_word' id='word_1_150' title='bbox 1094 2866 1140 2903; x_wconf 90' lang='lat' dir='ltr'><strong>de</strong></span> <span class='ocrx_word' id='word_1_151' title='bbox 1158 2865 1195 2904; x_wconf 83' lang='lat' dir='ltr'><strong>la</strong></span> <span class='ocrx_word' id='word_1_152' title='bbox 1208 2865 1470 2904; x_wconf 77' lang='lat' dir='ltr'><strong>consecration</strong></span> <span class='ocrx_word' id='word_1_153' title='bbox 1484 2863 1531 2902; x_wconf 90' lang='lat' dir='ltr'><strong>de</strong></span> <span class='ocrx_word' id='word_1_154' title='bbox 1544 2863 1712 2909; x_wconf 85' lang='lat' dir='ltr'><strong>Nicolas‚</strong></span> 
     </span>
    </p>
   </div>
  </div>
 </body>
</html>
