2092 3490
498 354 554 389 194
1131 352 1266 387 GESTA

494 442 588 492 444
849 444 1048 505 Propter
1072 441 1160 489 ista
1184 446 1231 489 et
1255 440 1341 489 alia

781 519 903 568 mala
927 517 1178 566 ineffabilia

782 613 809 644 a
831 594 1019 660 presule
1043 610 1138 642 non
1162 594 1347 644 modica

781 676 1095 737 congregatur
1119 671 1297 719 militia.

492 750 584 798 445
847 752 936 798 Per
959 749 1139 814 legatos
1163 753 1211 796 et
1235 747 1393 813 apices

781 825 842 874 ad
866 842 916 874 se
942 825 1104 875 venire
1129 825 1299 874 milites

781 902 972 951 mandat
994 902 1154 967 presul
1180 901 1422 961 velociter,

780 996 863 1028 cor
887 980 1129 1030 continens
1153 978 1369 1028 viriliter.

490 1056 583 1106 446
844 1060 970 1106 Tunc
994 1057 1190 1105 electam
1215 1061 1262 1104 et
1286 1055 1494 1105 nobilem

779 1137 908 1181 tenet
931 1133 1091 1198 presul
1116 1132 1336 1180 familiam

779 1226 898 1275 quae
922 1210 1136 1258 hostibus
1160 1209 1419 1258 terribilem

777 1287 1020 1354 ingerebat
1043 1286 1361 1336 formidinem.

485 1452 566 1495 De
593 1460 784 1495 werra
810 1451 954 1495 inter
985 1451 1302 1505 episcopum
1329 1450 1385 1494 et
1413 1449 1715 1495 everardum
1747 1449 1885 1494 orta.

488 1599 580 1648 447
842 1601 960 1648 Ecce
985 1614 1145 1648 werra
1168 1599 1397 1656 exoritur,

776 1692 992 1725 crescens
1017 1676 1194 1725 malum
1218 1676 1457 1726 extollitur
1489 1693 1498 1723 :

776 1752 911 1801 multi
937 1752 1063 1800 enim
1087 1753 1351 1817 capiuntur,

775 1830 909 1878 multi
935 1846 1050 1878 vero
1075 1829 1370 1878 occiduntur.

486 1906 579 1955 448
840 1907 912 1955 Hii
937 1912 984 1956 et
1009 1906 1074 1955 illi
1099 1907 1380 1956 alterutrum

774 1985 943 2034 crebro
968 1984 1107 2033 simul
1133 1984 1417 2033 conveniunt
1448 2001 1457 2031 :

774 2061 852 2109 isti
877 2060 980 2109 illos
1005 2077 1116 2124 sepe
1142 2065 1365 2125 querunt,

773 2143 963 2203 captant
986 2138 1060 2186 vel
1086 2137 1390 2186 interficiunt.

484 2213 576 2263 449
838 2218 1044 2279 Utraque
1069 2221 1204 2278 parte
1228 2214 1398 2262 milites

772 2296 957 2339 vastant
981 2291 1114 2339 villas
1139 2295 1186 2338 et
1210 2296 1411 2356 segetes,

772 2367 902 2431 quod
927 2372 1035 2416 ante
1060 2384 1110 2415 se
1135 2367 1332 2431 quisque
1357 2365 1486 2415 videt

772 2444 991 2508 dissipari
1014 2460 1110 2492 non
1135 2448 1366 2492 remanet.

482 2524 575 2570 450
837 2520 1072 2571 Gerardus
1098 2537 1240 2585 super
1264 2520 1514 2569 Castellum

771 2602 926 2645 totum
950 2597 1198 2662 imponens
1223 2597 1433 2645 animum

773 2679 820 2723 et
843 2689 1067 2740 magnum
1092 2674 1249 2723 ferens
1273 2673 1436 2723 odium

616 2811 623 2815 ἢ
771 2751 1041 2815 habensque
1065 2750 1353 2799 desiderium

483 2831 565 2877 454
836 2834 889 2876 ut
911 2828 1031 2877 forte
1057 2827 1144 2877 sibi
1169 2828 1349 2876 accidat
