2092 3490
230 568 325 618 345

232 880 326 930 346

232 1193 326 1242 347

233 1501 325 1552 348

233 1812 326 1863 349

233 2126 328 2172 350

233 2704 318 2752 35⁴

823 324 1050 359 GALGHERI.

522 418 660 480 rogat
683 414 847 473 fidem,
877 419 1223 465 sacramentum

523 497 571 540 et
595 491 737 540 etiam
762 491 1040 541 hominium.

589 569 820 635 Quicquid
844 570 964 635 petit
988 569 1243 636 episcopus

521 647 632 696 fecit
657 647 811 696 clerus
838 653 886 696 et
910 648 1116 713 populus

524 725 615 775 sibi
640 741 802 781 coram
826 725 1120 790 principibus

525 803 660 853 nullis
685 803 1133 853 contradicentibus.

591 881 683 930 Sed
709 880 823 946 quid
848 881 1006 930 valent
1031 881 1147 930 haec
1171 881 1299 940 talia,

524 964 595 1007 tot
621 958 798 1006 scilicet
823 963 1133 1015 sacramenta,

524 1053 633 1086 cum
658 1042 789 1085 retro
814 1035 972 1085 dicant
996 1036 1154 1085 omnia

523 1130 617 1163 non
643 1114 811 1163 adesse
835 1114 1031 1181 legalia?

590 1195 692 1240 Non
718 1192 845 1240 enim
870 1192 1022 1258 magis
1046 1192 1154 1242 ideo

523 1269 752 1321 Galchero
779 1275 889 1319 sunt
914 1270 1139 1336 episcopo

523 1347 800 1396 obedientes
825 1348 982 1396 animo

525 1441 612 1474 nec
636 1424 800 1473 fideles
825 1425 873 1473 in
900 1425 1074 1491 aIIquo.

591 1505 627 1553 O
653 1503 774 1552 mira
798 1520 917 1570 gens
942 1510 990 1552 et
1013 1503 1240 1568 pessima,

525 1598 647 1646 quae
672 1587 719 1630 te
744 1587 873 1630 tenet
898 1581 1151 1640 dementia,

526 1674 647 1722 quae
673 1674 768 1706 non
795 1674 959 1707 servas
979 1658 1246 1724 juramenta

526 1752 614 1785 nec
638 1735 842 1784 humana
869 1753 956 1785 nec
981 1736 1151 1785 celica?

591 1813 637 1863 Si
663 1813 804 1862 hodie
831 1814 1106 1880 astringeris

525 1897 931 1940 sacramentorum
955 1891 1172 1950 vinculis,

526 1985 631 2017 cras
657 1969 813 2026 exlex,
844 1969 1138 2018 detestabilis

524 2054 805 2097 cunctorum
830 2064 925 2096 non
952 2048 1242 2097 memineris.

591 2129 791 2174 Tantum
816 2142 933 2191 ergo
959 2126 1191 2175 nefarium

526 2209 574 2251 et
598 2207 696 2251 tam
717 2203 940 2268 frequens
965 2203 1229 2270 perjurium

525 2297 622 2329 non
648 2281 834 2331 modice
859 2282 1175 2331 turbaverunt

524 2375 726 2425 regnum
752 2365 799 2408 et
825 2360 1161 2409 sacerdotium.

395 2509 548 2564 Quod
584 2510 866 2555 Rohertus
904 2522 1090 2556 comes
1127 2513 1488 2556 Flandrensis

500 2581 930 2627 Cameracenses
962 2585 1128 2628 valde
1161 2584 1379 2629 afflixit.

592 2705 688 2755 Sub
714 2705 794 2756 illo
819 2707 973 2756 enim¹
1003 2714 1223 2774 tempore

282 2848 315 2883 1.
343 2849 456 2884 enim.
479 2847 587 2886 Dans
606 2847 642 2885 le
660 2859 731 2886 tns.
756 2850 960 2888 au-dessus
980 2851 1026 2888 de
1046 2851 1083 2888 la
1101 2850 1216 2899 ligne.

1607 327 1648 361 59
