2092 3490
251 456 347 506 304

253 769 348 816 305

256 1079 351 1127 306

258 1389 353 1437 307

260 1936 355 1983 308

262 2246 356 2293 309

262 2556 356 2603 310

265 2867 349 2913 311

866 365 1050 398 NIGOLAI.

609 459 674 505 De
698 453 929 504 fructibus
953 452 1087 519 cujus
1107 458 1262 502 terrae

544 539 686 598 atque
711 532 812 598 ejus
834 531 1053 581 ubertate

544 610 652 676 plus
674 610 842 659 vicinis
865 610 1007 658 terris
1030 614 1140 658 ante

546 688 852 755 replebantur
876 687 1048 737 domus
1073 704 1202 736 suae.

610 766 699 816 Sed
728 783 824 815 non
849 771 1016 815 curant
1040 765 1167 814 cives
1191 765 1300 815 inde
1330 783 1340 813 :

550 861 659 893 nam
684 861 918 910 pauperes
942 843 1124 892 malunt
1148 859 1252 892 esse

548 938 692 986 quam
717 939 744 970 a
769 922 893 970 malo
919 921 1047 986 quod
1073 937 1241 986 cepere

547 999 698 1048 donec
722 999 913 1048 vincant
936 998 1192 1048 abstinere.

613 1079 780 1125 Testor
800 1076 968 1126 videns
990 1077 1106 1126 haec
1131 1076 1289 1125 omnia

550 1153 660 1219 quia
685 1171 781 1203 non
805 1159 878 1203 est
903 1170 1021 1220 gens
1044 1154 1192 1202 altera

549 1249 671 1296 quae
697 1232 963 1282 sustulisset
986 1237 1058 1280 tot
1083 1231 1205 1280 mala

550 1326 611 1358 ex
635 1310 877 1359 voluntate
902 1308 1099 1374 propria

617 1386 752 1436 sicuti
778 1403 894 1454 gens
920 1386 1156 1436 Cameraei

552 1470 721 1530 sponte
745 1465 876 1530 cupit
899 1465 964 1513 ita
989 1464 1086 1530 pati

550 1548 604 1592 ut
626 1548 830 1608 nequeat
856 1542 1070 1608 superari

552 1638 580 1669 a
604 1623 809 1687 Symone
835 1637 990 1685 neque
1016 1620 1159 1669 vinci.

430 1779 513 1824 De
547 1778 672 1824 odio
706 1778 908 1823 civium
940 1779 1136 1823 contra
1169 1779 1502 1833 episcopum.

620 1933 741 1993 Quid
765 1934 930 1983 laboro
956 1934 1064 2000 plus
1089 1934 1297 1983 referre?

554 2028 750 2077 possum
776 2011 970 2076 quidem
995 2013 1233 2061 affirmare

554 2089 694 2156 quod⁵
710 2106 802 2137 non
827 2088 875 2154 in
902 2089 1059 2154 prisco
1084 2095 1302 2155 tempore

554 2183 708 2231 neque
734 2172 896 2215 nostra
921 2167 970 2215 in
994 2172 1120 2216 etate

619 2249 749 2293 tanta
773 2244 860 2293 fuit
884 2245 1061 2294 malitia

555 2327 731 2386 quanta
754 2322 899 2372 modo
925 2328 999 2371 est
1023 2328 1190 2371 exorta

555 2416 649 2464 qua
675 2400 834 2450 nescio
859 2401 1053 2459 invidia,

555 2494 649 2541 qua
674 2477 843 2544 ignoro
869 2479 1109 2544 superbia.

620 2555 711 2604 Sed
737 2555 828 2605 hoc
850 2556 968 2605 heu!
998 2556 1250 2606 discidium

554 2631 681 2681 cives
705 2649 873 2682 omnes
897 2633 1109 2683 obiciunt

555 2725 700 2774 super
725 2726 864 2758 suum
888 2711 1185 2776 episcopum,

554 2786 684 2852 quod
709 2787 848 2836 nimis
873 2795 945 2837 est
973 2789 1206 2837 nefarium
1236 2806 1245 2835 :

622 2871 669 2913 et
693 2865 855 2914 odium
879 2872 1072 2930 portant
1098 2866 1204 2924 sibi,

1603 365 1665 399 ‘217
