2092 3490
462 311 499 345 10
1088 312 1223 346 GESTA

748 406 920 467 sugunt
943 406 1092 450 totam
1116 407 1163 449 et
1188 401 1439 450 comedunt

747 484 795 526 et
820 477 860 526 ei
888 494 982 526 non
1005 477 1305 527 subveniunt.

492 557 551 603 58
813 554 904 603 Sed
928 554 1068 604 Fulco
1092 554 1437 605 vicedominus¹

748 631 940 679 intravit
963 647 1071 679 cum
1095 631 1319 681 militibus

745 708 954 773 episcopi
977 708 1025 755 in
1049 707 1269 757 domibus

745 790 885 850 atque
908 785 1252 850 episcopalibus

744 862 934 911 vivebat
957 861 1017 910 de
1042 861 1324 911 redditibus.

488 944 548 988 59
809 939 981 990 Vivens
1006 939 1065 987 de
1089 939 1328 1003 episcopio

743 1033 838 1065 non
863 1022 996 1065 curat
1019 1016 1079 1065 de
1105 1017 1347 1081 episcopo,

745 1094 830 1143 sed
855 1093 1028 1159 gaudet
1053 1110 1113 1142 ex
1134 1093 1331 1141 discidio

743 1170 991 1219 aecclesiae
1017 1175 1064 1218 et
1082 1170 1258 1236 jurgio.

486 1250 545 1295 60
808 1247 988 1296 Gaudet
1013 1247 1142 1312 quod
1166 1251 1324 1311 potest
1345 1246 1482 1296 altius

740 1331 788 1373 et
811 1324 989 1373 clericis
1014 1328 1062 1372 et
1086 1324 1267 1372 civibus

742 1406 789 1449 et
814 1400 923 1465 quia
948 1400 1046 1448 suis
1069 1400 1232 1448 usibus

744 1477 876 1526 urbis
899 1476 1155 1526 succedunt
1179 1476 1410 1526 redditus.

486 1556 536 1601 61
808 1556 959 1618 Super
982 1554 1071 1602 hoc
1096 1553 1324 1602 maleficio

742 1631 915 1696 gaudet
936 1631 1059 1678 malo
1084 1630 1278 1679 consilio

740 1708 952 1757 Ansellus
978 1707 1037 1756 de
1061 1707 1306 1756 Bulcenio²

499 1856 531 1891 1.
562 1854 623 1892 On
641 1858 774 1892 trouve
797 1855 984 1903 plusieurs
1004 1854 1176 1903 Foulque
1195 1855 1242 1892 de
1261 1853 1396 1902 Levin‚
1417 1854 1589 1892 vidames
1609 1855 1675 1892 des
1694 1857 1858 1905 eveques

450 1913 496 1950 de
516 1913 691 1951 Cambrai
711 1913 756 1951 de
777 1914 868 1951 1010
882 1915 904 1951 a
919 1915 1011 1951 1150
1033 1914 1175 1962 (Comp.
1198 1915 1466 1958 Introduction,
1489 1925 1597 1951 num.
1619 1914 1691 1962 29).
1713 1914 1857 1963 Impos-

449 1972 545 2010 sible
564 1973 610 2010 de
630 1972 860 2010 determiner
878 1973 961 2011 leur
978 1973 1138 2011 nombre
1158 1977 1196 2010 et
1214 1972 1297 2010 leur
1317 1973 1547 2011 succession.

496 2033 530 2070 2.
559 2032 592 2068 Il
618 2032 729 2080 s’agit
755 2032 825 2079 ici,
853 2044 943 2070 sans
968 2033 1096 2078 doute,
1123 2032 1173 2069 du
1194 2032 1342 2070 celebre
1359 2031 1519 2070 Anselle
1538 2043 1587 2069 ou
1604 2031 1790 2070 Anselme
1809 2032 1856 2070 de

449 2092 674 2139 Ribemont‚
692 2112 736 2119 —
751 2102 799 2129 ou
811 2092 858 2129 de
869 2103 937 2129 son
949 2091 1009 2128 fils
1023 2097 1161 2139 (comp.
1178 2092 1215 2128 la
1228 2091 1282 2128 fin
1295 2091 1341 2128 de
1353 2095 1451 2128 cette
1465 2095 1583 2138 note),
1603 2111 1650 2118 —
1665 2091 1856 2129 chatelain

449 2151 496 2188 de
523 2149 806 2188 Valenciennes
838 2157 877 2188 et
908 2150 1088 2198 seigneur
1120 2162 1170 2188 ou
1201 2155 1324 2188 comte
1355 2149 1599 2188 d'Ostrevant
1629 2151 1776 2196 (Charta
1804 2153 1856 2191 du

453 2212 614 2246 Tournoi
631 2211 830 2254 d'Anchin‚
855 2211 1104 2257 commenc.),
1125 2209 1191 2257 qui
1206 2210 1297 2257 joua
1318 2209 1402 2257 deja
1419 2221 1474 2246 un
1493 2209 1573 2246 role
1596 2209 1858 2248 considerable

451 2269 547 2306 dans
561 2268 617 2306 les
631 2268 782 2306 affaires
799 2268 848 2305 du
866 2268 1079 2306 Cambresis
1092 2280 1181 2306 sous
1194 2268 1249 2305 les
1265 2268 1428 2317 evaques
1441 2268 1597 2305 Liebert
1609 2272 1647 2305 et
1661 2268 1805 2306 Gerard
1821 2269 1859 2306 11

450 2329 554 2375 (aest.
578 2329 734 2366 Gerardi
752 2331 801 2372 II,
825 2329 917 2366 Gest.
939 2328 1120 2372 Methora,
1143 2339 1179 2375 p.
1200 2328 1282 2375 493,
1303 2327 1387 2375 494,
1408 2327 1505 2370 499).
1526 2328 1579 2365 Sa
1597 2328 1800 2375 puissance
1820 2333 1859 2366 et

450 2398 492 2424 sa
511 2387 785 2435 magnificence
805 2391 891 2424 sont
909 2397 1045 2424 encore
1070 2386 1309 2423 demontrees
1336 2397 1404 2434 par
1428 2385 1463 2422 le
1490 2387 1641 2423 tournoi
1666 2387 1805 2436 auquel
1830 2386 1859 2425 il

449 2457 645 2495 convoqua
654 2447 708 2483 les
719 2445 928 2484 chevaliers
943 2446 992 2482 du
1005 2457 1096 2494 pays
1111 2450 1148 2483 et
1162 2446 1228 2483 des
1238 2457 1330 2494 pays
1345 2445 1630 2493 environnants‚
1648 2445 1671 2483 ὲ,
1682 2445 1856 2495 Anchin‚

450 2517 498 2542 en
516 2505 621 2542 1096.
644 2505 751 2542 Cette
771 2505 846 2542 sete
865 2504 1046 2541 militaire
1067 2504 1124 2541 fut
1142 2503 1312 2552 presidee
1331 2515 1399 2551 par
1417 2504 1452 2541 le
1473 2508 1596 2541 comte
1611 2503 1658 2541 de
1671 2505 1855 2552 Hainaut‚

449 2564 654 2601 Baudouin
673 2563 725 2610 ΙΙ,
747 2563 802 2600 dit
821 2564 867 2600 de
885 2563 1112 2600 Jerusalem.
1134 2562 1217 2600 Elle
1236 2563 1294 2599 fut
1306 2562 1474 2601 honoree
1487 2563 1534 2599 de
1549 2562 1585 2600 la
1598 2563 1778 2610 presence
1791 2563 1857 2601 des

450 2624 613 2670 eveques
633 2622 679 2658 de
692 2621 867 2659 Cambrai
885 2622 1126 2668 (Manasses)‚
1149 2621 1303 2657 d'Arras
1324 2626 1362 2658 et
1382 2621 1427 2657 de
1441 2621 1579 2669 Noyon
1598 2625 1636 2658 et
1655 2620 1722 2671 des
1741 2621 1856 2658 abhes

450 2680 663 2728 d’Anchin,
684 2680 882 2718 d’Hasnon
901 2685 939 2718 et
958 2680 1005 2717 de
1025 2680 1194 2728 Crespin.
1226 2679 1320 2716 Plus
1341 2680 1388 2716 de
1407 2680 1498 2717 trois
1518 2684 1625 2717 cents
1643 2680 1855 2718 chevaliers

450 2752 475 2788 y
493 2744 686 2788 parui-ent.
708 2741 811 2777 Tous
830 2739 976 2788 prirent
994 2739 1031 2777 la
1049 2739 1151 2777 croix
1171 2750 1267 2787 pour
1285 2738 1377 2776 aller
1393 2739 1600 2777 combattre
1614 2738 1669 2776 les
1682 2738 1855 2776 infideles

451 2810 500 2836 en
519 2803 616 2835 terre
636 2798 758 2836 sainte
784 2803 822 2835 et
845 2798 1034 2847 plusieurs
1059 2798 1172 2835 firent
1196 2798 1262 2835 des
1283 2797 1378 2835 dons
1403 2797 1425 2834 a
1451 2797 1620 2846 l'abbaye
1639 2796 1853 2844 d'Anchin,
