2092 3490
243 599 339 649 275

243 988 340 1038 280

244 1377 341 1427 285

244 1767 340 1815 290

244 2154 341 2204 295
377 2139 385 2144 ’

248 2543 341 2591 300

829 346 1074 380 LlETHARDI.
1601 346 1657 381 169

503 439 639 501 Quod
664 455 714 489 se
739 437 997 504 pepigisse,
1028 435 1189 494 cred0,
1220 434 1437 500 penituit,

437 534 547 568 cum
570 522 682 583 post
704 516 753 565 in
777 516 958 565 honore
984 519 1076 563 stat
1100 518 1327 578 quantum
1352 512 1523 577 potuit.

503 599 715 661 Namque
741 594 801 643 ad
826 609 1038 643 cesarem
1062 591 1194 640 vadit
1218 589 1459 649 continuo,

440 690 638 741 sperans
661 671 847 722 restitui
871 671 972 737 ejus
996 669 1187 719 auxilio.

502 751 660 817 Pergit
685 750 746 799 ad
771 755 1028 815 patronum
1049 753 1158 796 ante
1184 746 1309 795 hunc
1334 746 1606 804 terminum,

437 828 683 895 postulans
709 826 919 876 scribere
945 826 1005 875 ad
1030 823 1341 891 apostolicum
1368 841 1378 872 :

503 913 556 955 ut
580 911 778 971 propter
801 904 1077 953 mandatum
1100 902 1274 951 cesaris
1298 901 1497 968 gratiam

439 984 659 1051 promissi
683 983 821 1032 faciat
844 981 1235 1031 misericordiam.

505 1062 640 1111 Illum
666 1061 814 1110 secuti
840 1065 951 1110 sunt
975 1059 1120 1109 curtis
1145 1057 1416 1124 prepositus

440 1145 583 1205 atque
609 1138 848 1189 Cameraci
872 1137 1068 1203 quidam
1092 1136 1152 1185 de
1178 1135 1378 1195 civibus,

505 1223 779 1267 accusantes
805 1233 915 1266 cum
941 1231 1103 1264 coram
1127 1213 1440 1279 principibus,

439 1313 605 1346 coram
629 1295 882 1360 episcopis,
912 1310 1074 1342 coram
1098 1292 1366 1350 comitibus,

506 1374 567 1423 de
590 1374 681 1422 hoc
706 1372 835 1438 quod
860 1388 1026 1420 omnes
1051 1370 1152 1419 vult
1177 1370 1236 1418 de
1257 1370 1364 1434 jure
1390 1368 1588 1434 proprio

440 1451 768 1501 exhereditare
793 1450 894 1499 sine
915 1449 1110 1515 judicio.

505 1532 542 1579 E
565 1535 730 1578 contra
754 1527 1050 1593 respondens
1075 1526 1237 1592 presul
1261 1526 1460 1575 viriliter

440 1608 542 1674 regi
568 1607 772 1656 innotuit
798 1623 941 1672 quam
965 1605 1212 1654 infideliter

506 1686 598 1751 ipsi
622 1685 859 1736 Cameraci
884 1684 1013 1733 illum
1036 1688 1355 1732 tractaverant

440 1769 489 1814 et
513 1780 625 1813 suos
648 1763 865 1811 redditus
891 1762 977 1810 sibi
1003 1760 1311 1810 abstulerant.

507 1840 643 1901 Quod
668 1839 858 1905 quando
885 1839 1084 1888 audiunt
1109 1838 1280 1887 divites
1301 1837 1499 1895 domini,

440 1918 632 1968 tractari
656 1918 876 1967 timentes
901 1933 1035 1966 more
1060 1916 1310 1974 consimili,

504 1995 716 2061 judicant
740 2001 794 2044 ut
817 1995 972 2044 nullus
998 1994 1179 2043 servire
1201 1993 1373 2043 audeat

441 2074 634 2124 domino
658 2073 857 2138 proprio
883 2073 971 2121 nisi
998 2071 1245 2138 precipiat,

507 2151 589 2216 qui
614 2151 830 2200 feodatus
856 2156 929 2200 est
952 2151 1122 2199 habeat
1146 2149 1340 2198 feodum

440 2229 714 2295 nullumque
739 2229 916 2278 nolenti
941 2234 1049 2295 agat
1075 2226 1368 2277 servitium1.

506 2307 708 2357 Jubente
733 2324 894 2356 cesare
918 2323 1033 2355 mox
1054 2323 1143 2371 per
1160 2305 1390 2371 judicium

441 2384 501 2434 de
523 2385 824 2452 prepositura
847 2386 902 2434 fit
924 2384 1227 2450 privilegium

508 2480 567 2512 ne
593 2463 699 2529 quis
723 2463 987 2528 prepositet
1012 2463 1060 2510 in
1087 2479 1172 2510 sua
1195 2462 1324 2510 curia

443 2540 529 2589 nisi
556 2540 842 2589 concesserit
866 2539 1069 2604 presulis
1094 2539 1263 2605 gratia.

506 2618 624 2666 Hinc
648 2620 1008 2668 Cameracenses
1032 2615 1211 2666 turbati
1236 2621 1449 2665 remeant

443 2700 491 2744 et
514 2694 606 2744 hoc
623 2694 855 2759 judicium
878 2694 1051 2744 nemini
1078 2694 1348 2760 propalant,

299 2869 331 2906 ¹.
360 2867 493 2916 Canop,
518 2868 786 2911 Introduction,
811 2877 918 2903 num.
942 2867 999 2905 30.
