2092 3490
798 340 1022 376 GALGHERI.
1578 347 1618 382 65

497 429 744 497 conjurare
768 431 1083 496 permitteret,

495 507 606 574 quia
629 508 799 558 urbem
825 526 918 559 non
945 509 1081 560 aliter

496 600 650 650 neque
676 587 750 635 se¹
779 586 910 653 ipsos
934 594 1172 655 proteget.

205 662 299 712 372
561 664 724 714 Presul
748 664 917 715 videns
941 666 1205 732 periculum

497 757 643 807 super
666 741 758 792 hoc
782 742 911 793 dolet
935 744 1159 804 nimium;

495 818 656 869 laudat
679 825 839 870 tamen
863 822 1130 888 conjurium

495 904 695 963 propter
719 899 852 948 urbis
877 900 1201 967 suffragium2.

204 973 298 1020 373
562 975 654 1025 Sed
677 976 805 1041 quod
825 977 988 1043 jurant
1012 978 1237 1044 episcopo

497 1052 606 1101 nolo
631 1053 826 1118 quidem
851 1054 947 1104 ullo
971 1055 1118 1105 modo

496 1131 728 1195 preterire
754 1131 957 1182 silentio.

422 1251 425 1257 .
495 1211 593 1258 Hec
618 1209 744 1258 enim
769 1216 843 1259 est
861 1210 1038 1277 juratio
1070 1230 1079 1259 :

204 1282 299 1332 374
562 1286 654 1336 Nos
679 1303 832 1337 omues
858 1290 978 1338 cives
1003 1289 1193 1338 insimul

490 1380 578 1429 per
601 1372 784 1415 sanctos
809 1366 897 1416 Dei
911 1369 1132 1432 juramus

496 1447 542 1490 et
559 1458 648 1507 por
670 1443 809 1506 sidem
828 1446 1139 1509 promittimus

497 1526 543 1568 ot
561 1536 649 1585 per
674 1528 850 1571 cartam
875 1524 1197 1588 oonsirmamus

204 1596 298 1643 375
562 1598 682 1662 quod
710 1597 985 1649 Galoherum
1009 1601 1197 1665 fidelius

495 1676 753 1742 episcopum
777 1679 1059 1727 servabimus

496 1752 554 1802 de
576 1755 690 1813 vita,
719 1755 776 1804 de
799 1757 1014 1805 membris
1039 1758 1160 1821 ejus,

496 1830 553 1879 de
579 1830 746 1881 honore
766 1834 1037 1898 presulatus

203 1906 298 1954 376
562 1911 663 1974 reqi
686 1909 884 1960 Heurioo
910 1912 1148 1976 quamdiu,

495 1987 742 2050 quinimmo
767 1989 866 2052 filio
892 1991 995 2054 ejus

496 2071 633 2130 atque
658 2082 812 2116 eorum
838 2069 1043 2117 omuibus

495 2141 714 2193 Romanis
738 2146 1073 2195 successoribus

205 2219 297 2265 377
560 2222 612 2270 iu
627 2224 712 2287 jus
739 2224 900 2273 adesse
925 2226 1109 2290 poterit,

495 2305 548 2347 ut
571 2301 647 2348 sui
662 2301 981 2364 judicaverint

498 2376 671 2440 fratres
697 2387 742 2427 et
766 2381 1016 2445 coepiscopi

253 2506 288 2543 1.
314 2516 363 2543 se.
384 2505 492 2544 Dans
512 2506 548 2545 le
567 2520 641 2546 ms.
664 2520 707 2548 ce
726 2515 810 2548 mot
828 2511 1037 2549 au-dessus
1057 2511 1104 2549 de
1125 2511 1161 2548 la
1180 2510 1297 2559 ligne.

248 2565 284 2603 2.
312 2565 414 2604 G'est
431 2566 467 2604 le
488 2569 628 2605 second
648 2570 749 2607 essai
779 2570 1112 2609 d'esstablissement
1140 2571 1256 2608 d'une
1282 2579 1489 2607 commune
1515 2567 1584 2606 fait
1603 2567 1624 2604 ἐι

201 2623 389 2664 Gambmi.
412 2626 467 2664 Le
486 2628 652 2675 premier
670 2635 737 2667 eut
756 2630 834 2668 lieu
856 2643 905 2669 en
927 2632 1017 2669 1076
1034 2643 1084 2669 ou
1099 2632 1206 2680 1077,
1228 2643 1277 2669 au
1294 2633 1627 2669 commencement

202 2683 250 2722 de
269 2683 489 2735 l'6piscopat
501 2686 548 2725 de
562 2687 708 2726 Gorard
720 2689 760 2726 11
781 2691 884 2738 (Gest.
904 2692 1062 2730 Gerardi
1078 2693 1127 2736 II,
1151 2702 1184 2730 c.
1207 2691 1243 2739 2,
1263 2702 1302 2738 p.
1324 2690 1427 2737 498);
1447 2689 1475 2726 il
1494 2692 1627 2726 avorta

203 2744 381 2783 aussitot.
409 2745 517 2785 Cette
537 2747 701 2786 seconde
721 2748 793 2787 sois
813 2750 852 2788 la
870 2761 1078 2789 commune
1103 2762 1144 2788 se
1173 2749 1319 2788 soutint
1343 2748 1513 2798 pendant
1537 2747 1625 2795 cinq

202 2814 286 2841 ans.
313 2804 396 2844 Eue
421 2805 480 2844 fut
507 2807 631 2846 abolie
656 2818 723 2857 par
748 2808 976 2858 l’empereur
995 2811 1117 2848 Henri
1139 2809 1175 2846 V
1196 2821 1244 2847 en
1266 2809 1357 2847 1107
1380 2810 1427 2856 (v.
1451 2807 1538 2857 plus
1558 2806 1625 2844 bas

203 2867 270 2901 str.
293 2864 481 2914 548-551).

1385 2935 1405 2970 5
