2092 3490
489 330 545 363 136

519 573 578 617 98

515 878 574 923 99

482 1185 572 1230 100

483 1493 563 1537 101

482 1799 572 1846 102

480 2106 571 2151 103

479 2410 570 2458 104

478 2715 568 2760 105

1119 323 1250 356 GESTA

776 413 944 462 bibunt
969 429 1046 460 eas
1070 417 1117 459 et
1141 411 1408 470 comedunt,

774 496 820 539 et
845 505 1076 553 pauperes
1101 488 1325 537 esuriunt.

841 566 913 614 Sic
938 581 1167 613 annorum
1192 582 1285 613 non
1309 566 1492 614 modico

772 648 1071 707 pretereunte
1095 643 1297 690 termino

771 720 859 768 fuit
883 736 1044 768 rerum
1069 719 1310 768 distractio

771 802 818 845 et
842 797 1036 862 inopum
1061 796 1252 845 oblivio.

836 874 929 922 Sed
950 877 1073 922 Deus
1098 878 1254 922 rector
1280 873 1489 921 omnium

772 951 851 1015 qui
877 951 1197 1001 Werimboldo
1223 950 1431 999 animum

772 1028 999 1076 excitarat
1024 1044 1110 1092 per
1136 1027 1355 1092 spiritum

772 1106 830 1154 ad
856 1106 1063 1153 solamen
1089 1105 1344 1170 egentium,

834 1182 936 1246 ipse
962 1182 1020 1230 ad
1046 1183 1136 1230 hoc
1160 1181 1388 1246 hospitale

770 1260 878 1308 fecit
903 1276 1010 1308 eum
1038 1265 1359 1307 transcurrere
1461 1255 1465 1261 ’

770 1341 910 1400 atque
936 1336 1075 1384 nimis
1101 1335 1292 1384 sollicite

770 1413 828 1461 de
851 1413 929 1461 illo
954 1413 1282 1461 intromittere.

834 1489 905 1538 Ad
930 1490 1019 1538 hoc
1043 1493 1166 1538 Deus
1191 1489 1453 1537 beneficum

771 1566 992 1614 animavit
1017 1572 1062 1615 et
1087 1566 1317 1630 populum

771 1649 821 1691 ut
846 1649 1035 1691 orarent
1059 1643 1433 1692 Werimboldum

769 1720 963 1769 domum
989 1721 1164 1769 intrare
1191 1738 1469 1785 pauperum.

833 1800 964 1845 Dono
990 1798 1181 1846 tandem
1206 1798 1429 1862 episcopi,

767 1875 990 1938 petitione
1016 1875 1178 1939 populi

768 1950 958 1999 intravit
983 1951 1135 1999 aulam
1161 1952 1341 2000 Domini

770 2043 907 2075 causa
932 2028 1003 2076 sui
1030 2028 1223 2077 servitii.

834 2108 951 2152 Ecce
977 2104 1128 2152 cultor
1153 2105 1405 2154 catholicus

767 2181 915 2245 magis
941 2181 1183 2246 magisque
1207 2182 1436 2246 providus

767 2257 826 2305 de
851 2258 1113 2306 commissis
1139 2259 1426 2323 pauperibus

767 2335 961 2383 domum
987 2334 1158 2399 incepit
1182 2336 1317 2384 altius

831 2410 1085 2459 informare
1111 2412 1170 2459 de
1196 2414 1408 2471 cameris,

766 2504 996 2536 renovare
1021 2488 1080 2536 de
1104 2488 1300 2546 lectulis,

767 2563 825 2611 de
852 2563 1071 2622 culcitris,
1102 2564 1161 2613 de
1186 2565 1338 2613 linteis

767 2645 815 2687 et
838 2639 896 2687 de
923 2641 1247 2704 coopertoriis.

829 2716 1106 2764 Emendavit
1130 2722 1177 2765 et
1201 2718 1451 2781 porticum,

766 2792 989 2840 maceries
1014 2798 1060 2840 et
1086 2793 1270 2851 solium,
