<?xml version="1.0" encoding="UTF-8"?>
<!DOCTYPE html PUBLIC "-//W3C//DTD XHTML 1.0 Transitional//EN"
    "http://www.w3.org/TR/xhtml1/DTD/xhtml1-transitional.dtd">
<html xmlns="http://www.w3.org/1999/xhtml" xml:lang="en" lang="en">
 <head>
  <title>
</title>
<meta http-equiv="Content-Type" content="text/html;charset=utf-8" />
  <meta name='ocr-system' content='tesseract 3.04.00' />
  <meta name='ocr-capabilities' content='ocr_page ocr_carea ocr_par ocr_line ocrx_word'/>
</head>
<body>
  <div class='ocr_page' id='page_1' title='image "./gestapontificumc00cambuoft_0144.png"; bbox 0 0 2092 3490; ppageno 0'>
   <div class='ocr_carea' id='block_1_1' title="bbox 515 350 610 487">
    <p class='ocr_par' dir='ltr' id='par_1_1' title="bbox 515 350 610 487">
     <span class='ocr_line' id='line_1_1' title="bbox 515 350 556 383; baseline 0 0"><span class='ocrx_word' id='word_1_1' title='bbox 515 350 556 383; x_wconf 80' lang='lat'><strong>92</strong></span> 
     </span>
     <span class='ocr_line' id='line_1_2' title="bbox 517 442 610 487; baseline -0.011 0"><span class='ocrx_word' id='word_1_2' title='bbox 517 442 610 487; x_wconf 76' lang='lat'><strong>5ยน19</strong></span> 
     </span>
    </p>
   </div>
   <div class='ocr_carea' id='block_1_2' title="bbox 518 748 609 796">
    <p class='ocr_par' dir='ltr' id='par_1_2' title="bbox 518 748 609 796">
     <span class='ocr_line' id='line_1_3' title="bbox 518 748 609 796; baseline -0.011 -2"><span class='ocrx_word' id='word_1_3' title='bbox 518 748 609 796; x_wconf 87' lang='grc'><strong>520</strong></span> 
     </span>
    </p>
   </div>
   <div class='ocr_carea' id='block_1_3' title="bbox 513 1055 597 1103">
    <p class='ocr_par' dir='ltr' id='par_1_3' title="bbox 513 1055 597 1103">
     <span class='ocr_line' id='line_1_4' title="bbox 513 1055 597 1103; baseline 0.012 -3"><span class='ocrx_word' id='word_1_4' title='bbox 513 1055 597 1103; x_wconf 76' lang='grc'><strong>521</strong></span> 
     </span>
    </p>
   </div>
   <div class='ocr_carea' id='block_1_4' title="bbox 515 1363 609 1411">
    <p class='ocr_par' dir='ltr' id='par_1_4' title="bbox 515 1363 609 1411">
     <span class='ocr_line' id='line_1_5' title="bbox 515 1363 609 1411; baseline 0.021 -2"><span class='ocrx_word' id='word_1_5' title='bbox 515 1363 609 1411; x_wconf 83' lang='grc'><strong>522</strong></span> 
     </span>
    </p>
   </div>
   <div class='ocr_carea' id='block_1_5' title="bbox 515 1668 608 1717">
    <p class='ocr_par' dir='ltr' id='par_1_5' title="bbox 515 1668 608 1717">
     <span class='ocr_line' id='line_1_6' title="bbox 515 1668 608 1717; baseline 0 -2"><span class='ocrx_word' id='word_1_6' title='bbox 515 1668 608 1717; x_wconf 86' lang='grc'><strong>523</strong></span> 
     </span>
    </p>
   </div>
   <div class='ocr_carea' id='block_1_6' title="bbox 518 1971 610 2022">
    <p class='ocr_par' dir='ltr' id='par_1_6' title="bbox 518 1971 610 2022">
     <span class='ocr_line' id='line_1_7' title="bbox 518 1971 610 2022; baseline 0 -2"><span class='ocrx_word' id='word_1_7' title='bbox 518 1971 610 2022; x_wconf 69' lang='grc'><strong>524</strong></span> 
     </span>
    </p>
   </div>
   <div class='ocr_carea' id='block_1_7' title="bbox 519 2585 611 2634">
    <p class='ocr_par' dir='ltr' id='par_1_7' title="bbox 519 2585 611 2634">
     <span class='ocr_line' id='line_1_8' title="bbox 519 2585 611 2634; baseline 0 -3"><span class='ocrx_word' id='word_1_8' title='bbox 519 2585 611 2634; x_wconf 88' lang='grc'><strong>525</strong></span> 
     </span>
    </p>
   </div>
   <div class='ocr_carea' id='block_1_8' title="bbox 1147 347 1279 380">
    <p class='ocr_par' dir='ltr' id='par_1_8' title="bbox 1147 347 1279 380">
     <span class='ocr_line' id='line_1_9' title="bbox 1147 347 1279 380; baseline -0.008 0"><span class='ocrx_word' id='word_1_9' title='bbox 1147 347 1279 380; x_wconf 77' lang='lat' dir='ltr'>GESTA</span> 
     </span>
    </p>
   </div>
   <div class='ocr_carea' id='block_1_9' title="bbox 802 435 1546 2266">
    <p class='ocr_par' dir='ltr' id='par_1_9' title="bbox 802 435 1460 1038">
     <span class='ocr_line' id='line_1_10' title="bbox 871 435 1460 495; baseline -0.003 -10"><span class='ocrx_word' id='word_1_10' title='bbox 871 436 1003 495; x_wconf 86' lang='lat' dir='ltr'><strong>Quod</strong></span> <span class='ocrx_word' id='word_1_11' title='bbox 1025 435 1197 484; x_wconf 89' lang='lat' dir='ltr'><strong>faciens</strong></span> <span class='ocrx_word' id='word_1_12' title='bbox 1219 436 1460 484; x_wconf 78' lang='lat' dir='ltr'><strong>exterritat</strong></span> 
     </span>
     <span class='ocr_line' id='line_1_11' title="bbox 803 513 1422 577; baseline -0.002 -14"><span class='ocrx_word' id='word_1_13' title='bbox 803 515 1048 563; x_wconf 86' lang='lat' dir='ltr'><strong>universos</strong></span> <span class='ocrx_word' id='word_1_14' title='bbox 1072 530 1160 577; x_wconf 87' lang='lat' dir='ltr'><strong>per</strong></span> <span class='ocrx_word' id='word_1_15' title='bbox 1182 513 1422 562; x_wconf 87' lang='lat' dir='ltr'><strong>Flandrias</strong></span> 
     </span>
     <span class='ocr_line' id='line_1_12' title="bbox 805 589 1441 654; baseline -0.002 -15"><span class='ocrx_word' id='word_1_16' title='bbox 805 596 946 654; x_wconf 89' lang='lat' dir='ltr'><strong>atque</strong></span> <span class='ocrx_word' id='word_1_17' title='bbox 971 605 1159 637; x_wconf 92' lang='lat' dir='ltr'><strong>omnem</strong></span> <span class='ocrx_word' id='word_1_18' title='bbox 1183 589 1264 653; x_wconf 92' lang='lat' dir='ltr'><strong>qui</strong></span> <span class='ocrx_word' id='word_1_19' title='bbox 1288 590 1441 638; x_wconf 90' lang='lat' dir='ltr'><strong>menia</strong></span> 
     </span>
     <span class='ocr_line' id='line_1_13' title="bbox 803 666 1431 716; baseline -0.003 0"><span class='ocrx_word' id='word_1_20' title='bbox 803 672 967 716; x_wconf 86' lang='lat' dir='ltr'><strong>contra</strong></span> <span class='ocrx_word' id='word_1_21' title='bbox 991 667 1120 715; x_wconf 92' lang='lat' dir='ltr'><strong>illum</strong></span> <span class='ocrx_word' id='word_1_22' title='bbox 1143 666 1431 714; x_wconf 83' lang='lat' dir='ltr'><strong>firmaverat.</strong></span> 
     </span>
     <span class='ocr_line' id='line_1_14' title="bbox 807 737 1382 794; baseline -0.007 0"><span class='ocrx_word' id='word_1_23' title='bbox 807 737 809 739; x_wconf 28' lang='lat'><strong><em>ยน</em></strong></span> <span class='ocrx_word' id='word_1_24' title='bbox 869 742 1035 794; x_wconf 86' lang='lat' dir='ltr'><strong>Vasalli</strong></span> <span class='ocrx_word' id='word_1_25' title='bbox 1060 759 1175 791; x_wconf 90' lang='lat' dir='ltr'><strong>vero</strong></span> <span class='ocrx_word' id='word_1_26' title='bbox 1200 742 1382 791; x_wconf 89' lang='lat' dir='ltr'><strong>comitis</strong></span> 
     </span>
     <span class='ocr_line' id='line_1_15' title="bbox 803 819 1378 884; baseline -0.002 -16"><span class='ocrx_word' id='word_1_27' title='bbox 803 837 921 884; x_wconf 91' lang='lat' dir='ltr'><strong>quos</strong></span> <span class='ocrx_word' id='word_1_28' title='bbox 944 820 1118 868; x_wconf 86' lang='lat' dir='ltr'><strong>locarat</strong></span> <span class='ocrx_word' id='word_1_29' title='bbox 1142 819 1378 869; x_wconf 88' lang='lat' dir='ltr'><strong>Cameraci</strong></span> 
     </span>
     <span class='ocr_line' id='line_1_16' title="bbox 802 896 1372 945; baseline -0.002 0"><span class='ocrx_word' id='word_1_30' title='bbox 802 897 861 945; x_wconf 93' lang='lat' dir='ltr'><strong>ad</strong></span> <span class='ocrx_word' id='word_1_31' title='bbox 885 896 1199 945; x_wconf 88' lang='lat' dir='ltr'><strong>resistendum</strong></span> <span class='ocrx_word' id='word_1_32' title='bbox 1224 896 1372 944; x_wconf 82' lang='lat' dir='ltr'><strong>cesari</strong></span> 
     </span>
     <span class='ocr_line' id='line_1_17' title="bbox 802 973 1444 1038; baseline 0 -16"><span class='ocrx_word' id='word_1_33' title='bbox 802 975 1071 1023; x_wconf 88' lang='lat' dir='ltr'><strong>discurrunt</strong></span> <span class='ocrx_word' id='word_1_34' title='bbox 1095 973 1230 1022; x_wconf 89' lang='lat' dir='ltr'><strong>valde</strong></span> <span class='ocrx_word' id='word_1_35' title='bbox 1254 973 1444 1038; x_wconf 81' lang='lat' dir='ltr'><strong>trepidi.</strong></span> 
     </span>
    </p>

    <p class='ocr_par' dir='ltr' id='par_1_10' title="bbox 803 1050 1482 1347">
     <span class='ocr_line' id='line_1_18' title="bbox 868 1050 1482 1108; baseline -0.002 -9"><span class='ocrx_word' id='word_1_36' title='bbox 868 1051 938 1099; x_wconf 89' lang='lat' dir='ltr'><strong>Ab</strong></span> <span class='ocrx_word' id='word_1_37' title='bbox 961 1050 1161 1098; x_wconf 86' lang='lat' dir='ltr'><strong>invicem</strong></span> <span class='ocrx_word' id='word_1_38' title='bbox 1186 1050 1482 1108; x_wconf 81' lang='lat' dir='ltr'><strong>dissentiunt,</strong></span> 
     </span>
     <span class='ocr_line' id='line_1_19' title="bbox 804 1128 1414 1177; baseline -0.003 0"><span class='ocrx_word' id='word_1_39' title='bbox 804 1129 924 1177; x_wconf 88' lang='lat' dir='ltr'><strong>mori</strong></span> <span class='ocrx_word' id='word_1_40' title='bbox 948 1128 1166 1176; x_wconf 86' lang='lat' dir='ltr'><strong>timentes</strong></span> <span class='ocrx_word' id='word_1_41' title='bbox 1191 1128 1375 1176; x_wconf 89' lang='lat' dir='ltr'><strong>seviunt</strong></span> <span class='ocrx_word' id='word_1_42' title='bbox 1405 1146 1414 1175; x_wconf 89' lang='lat'>:</span> 
     </span>
     <span class='ocr_line' id='line_1_20' title="bbox 804 1204 1444 1269; baseline -0.002 -16"><span class='ocrx_word' id='word_1_43' title='bbox 804 1204 917 1269; x_wconf 88' lang='lat' dir='ltr'><strong>quid</strong></span> <span class='ocrx_word' id='word_1_44' title='bbox 942 1205 1006 1252; x_wconf 90' lang='lat' dir='ltr'><strong>illi</strong></span> <span class='ocrx_word' id='word_1_45' title='bbox 1029 1205 1219 1253; x_wconf 84' lang='lat' dir='ltr'><strong>tandem</strong></span> <span class='ocrx_word' id='word_1_46' title='bbox 1243 1205 1444 1253; x_wconf 84' lang='lat' dir='ltr'><strong>faciunt?</strong></span> 
     </span>
     <span class='ocr_line' id='line_1_21' title="bbox 803 1282 1328 1347; baseline -0.004 -15"><span class='ocrx_word' id='word_1_47' title='bbox 803 1283 921 1332; x_wconf 89' lang='lat' dir='ltr'><strong>urbe</strong></span> <span class='ocrx_word' id='word_1_48' title='bbox 947 1282 1107 1330; x_wconf 86' lang='lat' dir='ltr'><strong>relicta</strong></span> <span class='ocrx_word' id='word_1_49' title='bbox 1130 1282 1328 1347; x_wconf 85' lang='lat' dir='ltr'><strong>fugiunt.</strong></span> 
     </span>
    </p>

    <p class='ocr_par' dir='ltr' id='par_1_11' title="bbox 802 1358 1526 1637">
     <span class='ocr_line' id='line_1_22' title="bbox 869 1358 1488 1416; baseline -0.002 -9"><span class='ocrx_word' id='word_1_50' title='bbox 869 1362 1076 1408; x_wconf 90' lang='lat' dir='ltr'><strong>Duacum</strong></span> <span class='ocrx_word' id='word_1_51' title='bbox 1100 1358 1290 1406; x_wconf 84' lang='lat' dir='ltr'><strong>intravit</strong></span> <span class='ocrx_word' id='word_1_52' title='bbox 1315 1375 1488 1416; x_wconf 90' lang='lat' dir='ltr'><strong>comes,</strong></span> 
     </span>
     <span class='ocr_line' id='line_1_23' title="bbox 803 1435 1391 1493; baseline -0.002 -9"><span class='ocrx_word' id='word_1_53' title='bbox 803 1452 880 1484; x_wconf 89' lang='lat' dir='ltr'><strong>res</strong></span> <span class='ocrx_word' id='word_1_54' title='bbox 904 1441 1041 1484; x_wconf 85' lang='lat' dir='ltr'><strong>ornat</strong></span> <span class='ocrx_word' id='word_1_55' title='bbox 1065 1435 1391 1493; x_wconf 89' lang='lat' dir='ltr'><strong>defensabiles,</strong></span> 
     </span>
     <span class='ocr_line' id='line_1_24' title="bbox 802 1511 1526 1577; baseline -0.001 -17"><span class='ocrx_word' id='word_1_56' title='bbox 802 1519 961 1560; x_wconf 88' lang='lat' dir='ltr'><strong>monet</strong></span> <span class='ocrx_word' id='word_1_57' title='bbox 985 1518 1177 1560; x_wconf 88' lang='lat' dir='ltr'><strong>cunctos</strong></span> <span class='ocrx_word' id='word_1_58' title='bbox 1202 1529 1295 1560; x_wconf 90' lang='lat' dir='ltr'><strong>non</strong></span> <span class='ocrx_word' id='word_1_59' title='bbox 1321 1511 1526 1577; x_wconf 81' lang='lat' dir='ltr'><strong>segniter</strong></span> 
     </span>
     <span class='ocr_line' id='line_1_25' title="bbox 802 1588 1431 1637; baseline -0.002 0"><span class='ocrx_word' id='word_1_60' title='bbox 802 1594 855 1637; x_wconf 93' lang='lat' dir='ltr'><strong>ut</strong></span> <span class='ocrx_word' id='word_1_61' title='bbox 880 1606 930 1637; x_wconf 90' lang='lat' dir='ltr'><strong>se</strong></span> <span class='ocrx_word' id='word_1_62' title='bbox 955 1588 1206 1636; x_wconf 83' lang='lat' dir='ltr'><strong>defendant</strong></span> <span class='ocrx_word' id='word_1_63' title='bbox 1230 1589 1431 1636; x_wconf 86' lang='lat' dir='ltr'><strong>fortiter.</strong></span> 
     </span>
    </p>

    <p class='ocr_par' dir='ltr' id='par_1_12' title="bbox 804 1665 1546 1959">
     <span class='ocr_line' id='line_1_26' title="bbox 869 1665 1514 1730; baseline -0.002 -16"><span class='ocrx_word' id='word_1_64' title='bbox 869 1668 1008 1715; x_wconf 85' lang='lat' dir='ltr'><strong>Cesar</strong></span> <span class='ocrx_word' id='word_1_65' title='bbox 1033 1672 1142 1730; x_wconf 85' lang='lat' dir='ltr'><strong>post</strong></span> <span class='ocrx_word' id='word_1_66' title='bbox 1166 1666 1292 1714; x_wconf 89' lang='lat' dir='ltr'><strong>diem</strong></span> <span class='ocrx_word' id='word_1_67' title='bbox 1316 1665 1514 1714; x_wconf 88' lang='lat' dir='ltr'><strong>tercium</strong></span> 
     </span>
     <span class='ocr_line' id='line_1_27' title="bbox 804 1742 1546 1807; baseline 0 -17"><span class='ocrx_word' id='word_1_68' title='bbox 804 1743 1031 1791; x_wconf 86' lang='lat' dir='ltr'><strong>assultum</strong></span> <span class='ocrx_word' id='word_1_69' title='bbox 1055 1742 1224 1807; x_wconf 87' lang='lat' dir='ltr'><strong>prebet</strong></span> <span class='ocrx_word' id='word_1_70' title='bbox 1248 1742 1506 1791; x_wconf 88' lang='lat' dir='ltr'><strong>maximum</strong></span> <span class='ocrx_word' id='word_1_71' title='bbox 1537 1760 1546 1789; x_wconf 91' lang='lat'>:</span> 
     </span>
     <span class='ocr_line' id='line_1_28' title="bbox 806 1818 1407 1877; baseline -0.003 -10"><span class='ocrx_word' id='word_1_72' title='bbox 806 1821 971 1868; x_wconf 91' lang='lat' dir='ltr'><strong>Comes</strong></span> <span class='ocrx_word' id='word_1_73' title='bbox 994 1819 1169 1867; x_wconf 88' lang='lat' dir='ltr'><strong>resistit</strong></span> <span class='ocrx_word' id='word_1_74' title='bbox 1195 1818 1407 1877; x_wconf 87' lang='lat' dir='ltr'><strong>nimium,</strong></span> 
     </span>
     <span class='ocr_line' id='line_1_29' title="bbox 805 1895 1477 1959; baseline -0.003 -14"><span class='ocrx_word' id='word_1_75' title='bbox 805 1897 944 1945; x_wconf 82' lang='lat' dir='ltr'><strong>Cesar</strong></span> <span class='ocrx_word' id='word_1_76' title='bbox 968 1912 1060 1943; x_wconf 90' lang='lat' dir='ltr'><strong>non</strong></span> <span class='ocrx_word' id='word_1_77' title='bbox 1084 1896 1207 1959; x_wconf 87' lang='lat' dir='ltr'><strong>capit</strong></span> <span class='ocrx_word' id='word_1_78' title='bbox 1231 1895 1477 1959; x_wconf 86' lang='lat' dir='ltr'><strong>oppidum.</strong></span> 
     </span>
    </p>

    <p class='ocr_par' dir='ltr' id='par_1_13' title="bbox 805 1972 1440 2266">
     <span class='ocr_line' id='line_1_30' title="bbox 869 1972 1440 2021; baseline 0.002 -1"><span class='ocrx_word' id='word_1_79' title='bbox 869 1976 985 2021; x_wconf 89' lang='lat' dir='ltr'><strong>Nam</strong></span> <span class='ocrx_word' id='word_1_80' title='bbox 1010 1973 1182 2021; x_wconf 89' lang='lat' dir='ltr'><strong>cesaris</strong></span> <span class='ocrx_word' id='word_1_81' title='bbox 1208 1972 1440 2021; x_wconf 81' lang='lat' dir='ltr'><strong>exercitus</strong></span> 
     </span>
     <span class='ocr_line' id='line_1_31' title="bbox 806 2048 1391 2112; baseline 0 -16"><span class='ocrx_word' id='word_1_82' title='bbox 806 2048 964 2097; x_wconf 90' lang='lat' dir='ltr'><strong>multis</strong></span> <span class='ocrx_word' id='word_1_83' title='bbox 988 2049 1035 2096; x_wconf 89' lang='lat' dir='ltr'><strong>in</strong></span> <span class='ocrx_word' id='word_1_84' title='bbox 1061 2049 1157 2097; x_wconf 92' lang='lat' dir='ltr'><strong>suis</strong></span> <span class='ocrx_word' id='word_1_85' title='bbox 1179 2048 1391 2112; x_wconf 90' lang='lat' dir='ltr'><strong>partibus</strong></span> 
     </span>
     <span class='ocr_line' id='line_1_32' title="bbox 805 2125 1304 2174; baseline 0 -2"><span class='ocrx_word' id='word_1_86' title='bbox 805 2125 1058 2174; x_wconf 85' lang='lat' dir='ltr'><strong>interfectis</strong></span> <span class='ocrx_word' id='word_1_87' title='bbox 1082 2125 1304 2173; x_wconf 80' lang='lat' dir='ltr'><strong>militibus</strong></span> 
     </span>
     <span class='ocr_line' id='line_1_33' title="bbox 808 2202 1369 2266; baseline -0.004 -14"><span class='ocrx_word' id='word_1_88' title='bbox 808 2203 1035 2252; x_wconf 85' lang='lat' dir='ltr'><strong>assultum</strong></span> <span class='ocrx_word' id='word_1_89' title='bbox 1058 2202 1192 2266; x_wconf 89' lang='lat' dir='ltr'><strong>liquit</strong></span> <span class='ocrx_word' id='word_1_90' title='bbox 1218 2202 1369 2250; x_wconf 86' lang='lat' dir='ltr'><strong>citius.</strong></span> 
     </span>
    </p>
   </div>
   <div class='ocr_carea' id='block_1_10' title="bbox 621 2362 1806 2483">
    <p class='ocr_par' dir='ltr' id='par_1_14' title="bbox 621 2362 1806 2483">
     <span class='ocr_line' id='line_1_34' title="bbox 621 2362 1806 2420; baseline -0.004 -10"><span class='ocrx_word' id='word_1_91' title='bbox 621 2367 702 2410; x_wconf 88' lang='lat' dir='ltr'><strong>De</strong></span> <span class='ocrx_word' id='word_1_92' title='bbox 733 2376 867 2420; x_wconf 87' lang='lat' dir='ltr'><strong>pace</strong></span> <span class='ocrx_word' id='word_1_93' title='bbox 896 2365 1040 2408; x_wconf 85' lang='lat' dir='ltr'><strong>inter</strong></span> <span class='ocrx_word' id='word_1_94' title='bbox 1065 2364 1447 2417; x_wconf 87' lang='lat' dir='ltr'><strong>imperatorem</strong></span> <span class='ocrx_word' id='word_1_95' title='bbox 1475 2363 1531 2406; x_wconf 80' lang='lat' dir='ltr'><strong>et</strong></span> <span class='ocrx_word' id='word_1_96' title='bbox 1559 2362 1806 2406; x_wconf 76' lang='lat' dir='ltr'><strong>comitem</strong></span> 
     </span>
     <span class='ocr_line' id='line_1_35' title="bbox 1057 2434 1370 2483; baseline -0.006 -5"><span class='ocrx_word' id='word_1_97' title='bbox 1057 2434 1370 2483; x_wconf 82' lang='lat' dir='ltr'><strong>reformata.</strong></span> 
     </span>
    </p>
   </div>
   <div class='ocr_carea' id='block_1_11' title="bbox 808 2579 1612 2877">
    <p class='ocr_par' dir='ltr' id='par_1_15' title="bbox 808 2579 1612 2877">
     <span class='ocr_line' id='line_1_36' title="bbox 871 2579 1612 2645; baseline -0.004 -14"><span class='ocrx_word' id='word_1_98' title='bbox 871 2585 996 2631; x_wconf 85' lang='lat' dir='ltr'><strong>Tunc</strong></span> <span class='ocrx_word' id='word_1_99' title='bbox 1021 2597 1184 2629; x_wconf 85' lang='lat' dir='ltr'><strong>omnes</strong></span> <span class='ocrx_word' id='word_1_100' title='bbox 1209 2580 1336 2645; x_wconf 84' lang='lat' dir='ltr'><strong>regis</strong></span> <span class='ocrx_word' id='word_1_101' title='bbox 1360 2579 1612 2644; x_wconf 87' lang='lat' dir='ltr'><strong>principes,</strong></span> 
     </span>
     <span class='ocr_line' id='line_1_37' title="bbox 808 2656 1476 2724; baseline -0.004 -17"><span class='ocrx_word' id='word_1_102' title='bbox 808 2659 951 2708; x_wconf 92' lang='lat' dir='ltr'><strong>duces</strong></span> <span class='ocrx_word' id='word_1_103' title='bbox 975 2658 1223 2724; x_wconf 81' lang='lat' dir='ltr'><strong>magnique</strong></span> <span class='ocrx_word' id='word_1_104' title='bbox 1249 2656 1476 2721; x_wconf 87' lang='lat' dir='ltr'><strong>presules,</strong></span> 
     </span>
     <span class='ocr_line' id='line_1_38' title="bbox 808 2735 1504 2799; baseline -0.003 -16"><span class='ocrx_word' id='word_1_105' title='bbox 808 2736 1020 2785; x_wconf 86' lang='lat' dir='ltr'><strong>videntes</strong></span> <span class='ocrx_word' id='word_1_106' title='bbox 1046 2735 1172 2799; x_wconf 91' lang='lat' dir='ltr'><strong>quod</strong></span> <span class='ocrx_word' id='word_1_107' title='bbox 1197 2751 1291 2782; x_wconf 89' lang='lat' dir='ltr'><strong>non</strong></span> <span class='ocrx_word' id='word_1_108' title='bbox 1316 2739 1504 2798; x_wconf 85' lang='lat' dir='ltr'><strong>caperet</strong></span> 
     </span>
     <span class='ocr_line' id='line_1_39' title="bbox 808 2812 1337 2877; baseline -0.004 -16"><span class='ocrx_word' id='word_1_109' title='bbox 808 2829 959 2876; x_wconf 90' lang='lat' dir='ltr'><strong>neque</strong></span> <span class='ocrx_word' id='word_1_110' title='bbox 983 2812 1045 2860; x_wconf 88' lang='lat' dir='ltr'><strong>ibi</strong></span> <span class='ocrx_word' id='word_1_111' title='bbox 1073 2812 1337 2877; x_wconf 87' lang='lat' dir='ltr'><strong>proficeret,</strong></span> 
     </span>
    </p>
   </div>
  </div>
 </body>
</html>
