2092 3490
816 342 1042 376 GALCHERI.
1596 350 1636 383 69

514 448 606 497 pro
631 432 808 497 pluvia,
839 449 928 498 pro
953 434 1200 500 grandine,

517 526 607 575 pro
631 510 760 559 venti
784 511 1126 578 magnitudine.

372 668 455 712 De
480 678 747 724 regressu
770 670 1124 724 imperatoris
1152 673 1224 718 ad
1248 675 1488 728 propria.

229 811 323 857 396
585 812 686 859 Rex
713 816 823 875 post
847 812 1060 876 preclara
1085 830 1231 878 opera

517 904 607 952 per
631 904 719 936 nos
745 905 889 954 agens
914 889 1082 938 itinera

519 981 628 1014 cum
653 965 809 1025 laude,
839 983 949 1015 cum
972 967 1170 1016 victoria

518 1058 765 1108 regressus
789 1048 862 1091 est
886 1044 947 1092 ad
969 1045 1183 1109 propria.

228 1121 323 1167 397
585 1121 713 1170 Fecit
733 1121 893 1187 jurare
916 1123 1226 1187 postmodum

519 1214 746 1265 magnum
770 1199 908 1249 valde
931 1200 1193 1249 exercitum

520 1276 580 1326 ad
605 1276 827 1326 herbam1
856 1277 1016 1326 statim
1040 1278 1273 1328 facturum

519 1355 567 1403 in
592 1355 834 1404 Flandrias
859 1357 1211 1423 retrogradum.

230 1431 324 1478 398
588 1435 646 1482 Se
670 1449 758 1482 rex
783 1439 1004 1498 potenter
1027 1442 1236 1500 reparat,

521 1510 661 1559 struit
684 1527 830 1560 naves
854 1528 950 1560 non
974 1513 1202 1572 modicas,

521 1594 620 1637 tam
644 1605 732 1654 per
755 1606 886 1638 mare
911 1607 1055 1655 quam
1080 1609 1168 1656 per
1191 1597 1344 1641 terras

522 1666 687 1715 volens
712 1667 890 1716 intrare
914 1669 1173 1719 Flandrias.

232 1743 324 1789 399
590 1743 683 1792 Sed
707 1744 798 1793 hoc
823 1744 950 1793 cives
976 1747 1215 1795 Cameraci

522 1821 613 1870 hoc
638 1828 877 1886 nequeunt
901 1824 1151 1887 prestolari

523 1915 632 1948 cum
657 1917 685 1948 a
708 1916 823 1966 rege
847 1900 942 1950 sint
966 1901 1115 1950 relicti

525 1978 626 2027 sine
652 1994 737 2044 spe
762 1978 1000 2045 adjutorii.

231 2052 326 2102 400
591 2056 823 2106 Comitem
848 2056 975 2105 enim
1000 2057 1169 2107 leserat

526 2140 573 2184 et
598 2134 659 2184 ad
683 2134 804 2183 iram
829 2142 1153 2185 commoverat
1183 2154 1193 2184 ε

527 2212 637 2261 inde
660 2213 829 2262 timent
853 2230 913 2261 ne
939 2214 1104 2262 redeat

526 2296 574 2339 et
598 2308 685 2356 per
709 2291 808 2340 vim
830 2308 913 2340 eos
937 2292 1109 2357 capiat.

234 2367 320 2417 40⁴
593 2369 729 2429 Quod
753 2375 908 2419 totum
933 2370 1030 2419 fere
1056 2371 1225 2420 accidit
1256 2389 1265 2418 :

526 2463 687 2496 comes
713 2447 840 2496 enim
855 2449 1007 2497 ‘noctu
1033 2449 1179 2508 venit,

528 2523 698 2572 urbem
723 2524 860 2574 istam
887 2525 1186 2585 subintravit,

529 2601 637 2668 igne
663 2602 810 2652 multa
835 2603 1043 2668 dampna
1067 2603 1192 2653 fecit.

236 2678 333 2730 402
596 2683 700 2730 Jam
723 2697 890 2730 omnes
915 2687 1025 2730 sunt
1050 2682 1329 2747 introgressi

288 2811 320 2847 1.
356 2809 398 2847 V.
416 2810 439 2847 a
453 2810 489 2847 la
503 2810 556 2847 fin
570 2809 617 2847 de
630 2821 673 2848 ce
687 2811 839 2849 volume
856 2812 894 2849 la
913 2812 1014 2850 table
1034 2812 1101 2850 des
1120 2816 1220 2850 mots
1241 2811 1287 2849 de
1308 2811 1345 2849 la
1364 2811 1474 2850 basse
1494 2811 1655 2859 latinite,

242 2882 290 2908 au
311 2874 392 2908 mot
412 2871 562 2907 herbam
581 2872 671 2915 (ad).
