2092 3490
482 351 539 385 168

475 514 569 566 245

468 898 561 948 250

465 1284 558 1333 255

460 1667 554 1717 260

456 2052 550 2102 265

453 2436 548 2485 270

1113 348 1246 382 GESTA

670 437 758 486 ista
783 453 874 502 que
898 435 1139 484 dicuntur1
1168 436 1278 484 satis
1303 437 1587 486 sufficerent.

734 518 859 562 Tunc
883 512 1217 577 archipontifex
1245 514 1444 578 sumpsit
1467 515 1739 580 episcopum

667 591 755 640 sub
781 589 1048 638 testimonio
1072 590 1278 654 quinque
1303 590 1596 654 pontificum,

732 667 890 716 dicens
922 684 932 714 :
967 666 1004 715 0
1030 668 1093 715 mi
1111 674 1264 731 pater,
1295 668 1467 716 audisti
1484 669 1665 732 publice

666 751 837 809 quanta
859 744 1064 792 malivoli
1088 744 1244 793 dicunt
1270 745 1509 794 adversum
1533 752 1593 804 te,

728 827 888 884 tueque
913 820 1084 879 audisti
1108 823 1197 869 vite
1223 821 1541 885 calumpniam,

661 912 835 945 moram
859 897 1112 960 infamiam,
1143 898 1279 946 luccas
1304 898 1641 962 blasphemiam.

734 973 928 1022 Oramus
953 990 1058 1038 erqo
1084 981 1126 1023 te
1151 974 1232 1023 hoc
1257 991 1572 1039 recognoscere

662 1053 873 1114 quoniam
897 1053 1079 1100 minime
1098 1059 1228 1116 potes
1247 1053 1468 1116 prolicere

724 1129 845 1176 inter
867 1129 1102 1177 universos
1127 1130 1206 1193 qui
1231 1135 1273 1177 te
1298 1130 1364 1178 sic
1389 1129 1546 1178 odiunt

660 1211 704 1252 et
728 1205 1021 1269 qaodcunque
1045 1206 1188 1269 faois2
1213 1222 1307 1254 una
1331 1206 1599 1270 despiciant.

724 1283 973 1331 Precamar
998 1290 1040 1331 te
1067 1290 1190 1331 taam
1212 1300 1397 1332 servare
1423 1286 1620 1332 animam
1641 1288 1644 1291 ’

658 1365 702 1408 et
719 1360 897 1423 plebem
921 1361 1078 1424 faqere
1104 1362 1170 1409 sic
1191 1361 1526 1409 indomabilem.

722 1438 897 1484 Eorum
922 1437 1142 1500 precibus
1167 1437 1357 1486 allectus
1382 1437 1595 1502 pontifex

657 1518 902 1576 peccatum
925 1513 1103 1562 heresis
1129 1514 1215 1562 sibi
1241 1514 1483 1563 confessus
1507 1521 1594 1573 est,

719 1589 905 1653 fideque
929 1590 1147 1654 promisit
1172 1607 1329 1639 coram
1356 1592 1621 1656 presulibus

655 1666 783 1729 quod
809 1683 901 1715 non
927 1668 1167 1731 presulare
1193 1668 1374 1717 curabit
1398 1669 1597 1733 amplius
1624 1688 1633 1717 :

718 1744 807 1791 hoc
831 1748 1013 1792 tantum
1038 1744 1270 1809 supplicat
1295 1745 1646 1810 archiepiscopo

653 1825 705 1868 ut
729 1820 972 1884 permittat
997 1838 1104 1870 eum
1129 1822 1177 1869 in
1204 1822 1443 1886 episcopio

714 1914 883 1961 capere
908 1903 1131 1962 quantam
1157 1905 1318 1963 posset
1342 1899 1589 1964 pecuniam

651 1991 798 2037 usque
823 1974 882 2022 ad
908 1975 1113 2023 suturam
1138 1982 1249 2024 tunc
1273 1976 1599 2041 Epiphaniam.

714 2052 837 2100 Infra
862 2069 1004 2116 quam
1028 2053 1242 2102 concedit
1263 2054 1642 2119 archiepiscopus

650 2133 701 2177 ut
726 2145 776 2177 se
801 2129 1081 2178 intromittat
1105 2130 1164 2179 de
1189 2132 1324 2180 bonis
1349 2131 1583 2189 omnibus,

715 2205 797 2253 sed
823 2222 914 2253 non
940 2212 1180 2255 remaneat
1205 2207 1254 2255 in
1278 2206 1518 2272 episcopio

649 2280 783 2330 istius
807 2282 1023 2346 permissi
1051 2282 1126 2331 die
1152 2283 1397 2348 preterito.

713 2362 810 2407 Hoc
834 2359 1052 2425 ignorant
1076 2376 1168 2407 non
1195 2360 1330 2409 nulli3
1356 2359 1568 2408 homines

648 2435 735 2484 nisi
760 2436 839 2499 qui
867 2435 1054 2484 fuerunt
1079 2436 1286 2500 quinque
1311 2437 1572 2501 pontifices.

712 2515 928 2562 Statuunt
951 2513 1095 2578 igitur
1119 2519 1171 2561 ut
1194 2514 1283 2562 hoc
1308 2514 1543 2577 sepultum
1566 2513 1628 2562 sit

647 2589 798 2638 donec
823 2590 1071 2655 impositus
1097 2591 1198 2640 dies
1224 2591 1483 2640 advenerit.

502 2721 532 2756 1.
561 2730 628 2765 quc
645 2721 836 2757 dicuntur.
859 2719 892 2756 Il
912 2732 936 2768 y
955 2719 1056 2757 avait
1074 2719 1226 2757 d’abord
1248 2720 1342 2757 dans
1363 2721 1397 2758 le
1418 2732 1491 2758 ms.
1512 2722 1587 2768 qua
1605 2723 1789 2758 dicentur.

499 2779 534 2815 2.
562 2781 665 2824 facis.
688 2779 795 2816 Dans
810 2779 850 2816 tle
869 2791 941 2816 ms.
964 2779 1169 2817 au-dessus
1189 2779 1236 2817 de
1256 2779 1293 2817 la
1313 2779 1427 2827 ligne.
1465 2805 1468 2819 ⁴

500 2837 534 2875 3.
564 2849 638 2874 non
658 2841 768 2882 nulli,
792 2838 1028 2877 c‘est-a-dire
1048 2842 1136 2875 tous.
