2092 3490
815 314 1042 349 canonem.
1598 317 1640 351 79

218 406 316 456 454
578 407 645 454 De
670 405 760 454 hoc
785 421 902 471 ergo
927 403 1143 463 ridiculo,

513 483 574 534 de
597 483 689 533 hoc
712 483 840 532 dono
866 483 1080 533 adultero

512 561 561 610 in
585 566 688 610 toto
711 560 878 619 mundi
902 561 1082 626 populo

510 638 566 687 fit
590 638 783 705 grandis
807 638 1075 688 admiratio.

218 715 315 765 455
579 718 697 767 Cum
722 716 847 766 enim
871 716 991 776 vult,
1021 716 1104 766 dat
1126 715 1202 765 vel
1226 716 1379 767 aufert

513 794 740 859 quicquid
765 794 827 843 ad
851 811 1017 861 regem
1041 794 1272 859 pertinen
1410 794 1412 800 ’

512 876 692 921 terram
715 877 887 931 vastat,
916 889 1011 921 non
1036 872 1246 930 refovet3

511 956 707 999 cunctos
733 950 865 1009 ledit,
895 967 990 999 non
1017 950 1235 999 sustinet.

217 1028 314 1078 456
578 1028 894 1095 Congregavit
919 1027 980 1077 ad
1006 1028 1226 1078 ultimum

512 1106 648 1156 istius
673 1107 807 1156 urbis
831 1106 1063 1172 populum

511 1187 799 1250 Estrumque
825 1185 995 1234 stravit
1020 1184 1270 1250 oppidum,

514 1263 753 1328 pontificis
777 1263 1060 1328 hospicium.

250 1427 403 1482 Quod
422 1426 729 1472 Galcherus
749 1427 805 1471 in
824 1427 984 1472 Novo
1007 1426 1205 1471 Castro
1232 1427 1309 1472 sit
1333 1429 1610 1483 receptus.

218 1567 316 1618 457
579 1568 699 1617 Hinc
724 1568 978 1618 Galcherus
1002 1569 1255 1634 expellitur

511 1647 758 1713 victusque
783 1647 873 1696 sihi
899 1647 1079 1697 tollitur
1110 1666 1119 1696 :

512 1725 594 1790 qui
618 1730 779 1774 tamen
802 1743 830 1774 a
855 1726 1174 1791 burgensibus

513 1802 633 1852 Novi
657 1803 808 1852 Castri
833 1803 1077 1868 recipitur.

223 1880 318 1929 458
582 1883 672 1929 Per
695 1880 816 1929 hanc
840 1897 956 1947 ergo
982 1881 1268 1930 dementiam

517 1963 565 2007 et
589 1958 764 2007 civium
789 1958 1034 2008 audaciam

518 2036 801 2087 Godefridus
826 2037 947 2086 hanc
971 2037 1196 2086 miseram

516 2113 654 2163 valde
678 2114 891 2163 turbavit
915 2115 1139 2180 patriam.

223 2191 320 2240 459
581 2191 821 2257 Movitque
847 2193 974 2259 regis
999 2192 1209 2242 animum

517 2269 579 2319 ad
604 2270 725 2319 iram
750 2275 799 2319 et
823 2270 884 2320 ad
909 2270 1073 2321 odium

518 2353 683 2398 contra
709 2348 970 2414 superbum
995 2349 1227 2414 populum

225 2496 277 2535 ici
294 2506 372 2534 une
392 2495 603 2545 singuliere
622 2497 803 2546 meprise.
823 2498 858 2535 Il
877 2498 974 2536 croit
991 2509 1066 2547 que
1079 2497 1240 2546 Hugues
1253 2497 1304 2534 1⁰¹⁸
1318 2496 1446 2535 devait
1464 2498 1544 2535 etre
1564 2501 1647 2545 trop

223 2555 339 2594 vieux
359 2566 408 2593 en
429 2555 520 2594 1096
541 2566 637 2604 pour
656 2557 814 2595 assister
831 2557 855 2595 ὲ
873 2569 928 2594 un
948 2558 1117 2606 tournoi,
1138 2562 1177 2595 et
1196 2558 1225 2594 il
1243 2568 1293 2594 ne
1312 2558 1432 2605 prend
1447 2568 1515 2606 pas
1530 2557 1647 2605 garde

224 2626 300 2665 que
319 2626 363 2653 ce
382 2614 536 2653 tournoi
555 2615 658 2654 avait
676 2616 737 2654 ete
756 2617 934 2665 organise
953 2629 1021 2666 par
1034 2615 1223 2655 Anselme
1244 2616 1290 2654 de
1304 2617 1527 2663 Ribemont‚
1546 2617 1569 2652 εὶ
1583 2616 1648 2665 qui

225 2675 330 2714 avait
350 2675 411 2714 ete
430 2674 576 2714 confiee
595 2674 633 2713 la
651 2676 785 2714 tutelle
804 2676 850 2714 de
864 2676 1024 2725 Hugues
1039 2677 1088 2714 Ier
1101 2688 1228 2714 encore
1248 2678 1378 2723 enfant
1401 2677 1522 2725 (apres
1543 2675 1646 2723 1051)

225 2735 332 2782 (aest.
355 2737 537 2780 hetberti,
561 2747 601 2774 n.
624 2736 659 2783 8,
680 2747 718 2785 p.
739 2736 838 2783 493),
860 2741 900 2774 et
918 2737 983 2786 qui
1004 2749 1044 2775 se
1063 2742 1199 2775 trouva
1218 2747 1355 2774 encore
1375 2747 1481 2774 assez
1497 2739 1581 2773 vert
1598 2746 1647 2772 en

227 2795 318 2833 1096
338 2806 433 2845 pour
451 2795 614 2844 prendre
633 2795 670 2833 la
685 2797 789 2834 croix
806 2802 844 2834 et
857 2795 950 2834 aller
962 2808 1168 2846 guerroyer
1181 2807 1230 2835 en
1244 2801 1343 2833 terre
1361 2797 1486 2833 sainte
1506 2798 1644 2843 (comp.

228 2854 313 2904 plus
331 2855 424 2893 haut
442 2867 479 2904 p.
504 2856 561 2902 10,
581 2859 671 2893 note
691 2855 741 2903 2).
