2092 3490
526 571 618 616 533

523 873 616 922 534

522 1181 613 1226 535

521 1489 614 1534 536

522 1795 613 1841 537

517 2101 609 2145 538

517 2408 609 2453 539

514 2710 606 2758 540

1153 326 1289 359 GESTA

811 414 858 461 in
883 412 1109 470 turribus,
1138 412 1186 460 in
1202 412 1392 477 ‘angulis

812 489 1062 552 multisque
1088 488 1376 537 diversoriis.

877 567 934 614 Se
960 563 1251 612 abscondunt
1275 569 1324 612 et
1346 563 1554 629 virgines

812 657 930 704 quae
953 646 1179 689 verentur
1202 645 1274 688 tot
1296 640 1466 689 milites

811 718 1089 766 Alemannos
1113 722 1160 765 et
1184 717 1451 775 Sclavones,

809 794 1115 860 Lot-haringos
1140 799 1188 843 et
1213 796 1438 843 Saxones.

875 871 1089 936 Suscepit
1112 888 1274 937 regem
1298 876 1463 936 postea

811 946 1086 996 clericorum
1109 964 1221 1012 pars
1245 948 1390 996 altera

810 1040 929 1087 quae
954 1040 1193 1088 nunquam
1217 1040 1277 1071 ex
1301 1023 1528 1073 industria

809 1100 894 1148 fuit
917 1100 980 1148 illi
1005 1100 1255 1149 contraria.

874 1180 985 1225 Erat
1009 1194 1117 1225 cum
1141 1177 1245 1241 ipso
1270 1194 1428 1226 cesare

809 1255 1058 1302 Galcherus
1083 1255 1355 1313 honorifice,

809 1331 979 1379 sodalis
1005 1347 1115 1379 suae
1140 1331 1335 1396 gratiae,

810 1425 1002 1457 consors
1027 1424 1137 1456 suae
1162 1408 1379 1456 familiae.

874 1485 999 1533 Fecit
1023 1501 1138 1550 ergo
1162 1501 1248 1534 rex
1272 1484 1476 1534 edictum

810 1578 896 1626 per
921 1561 1130 1610 Galcheri
1156 1561 1400 1610 consilium

808 1644 860 1686 ut
883 1638 1039 1686 veniat
1064 1654 1182 1703 grex
1208 1639 1266 1687 ad
1293 1655 1402 1687 eum

808 1720 1071 1764 casatorum
1096 1721 1141 1763 et
1167 1715 1356 1764 civium.

874 1795 1109 1842 Venerunt
1136 1792 1326 1856 quidem
1350 1798 1457 1840 ante
1482 1809 1532 1841 se

808 1885 900 1916 non
926 1868 1150 1917 audentes
1175 1868 1428 1928 dimittere,

804 1945 1018 2009 quamvis
1043 1951 1208 2010 putent
1233 1946 1491 1995 certissime

805 2022 949 2070 vitam
974 2022 1048 2070 vel
1074 2022 1286 2071 membra
1312 2023 1528 2087 perdere.

871 2099 1046 2158 Quibus
1071 2105 1176 2147 ante
1201 2100 1497 2164 presentibus

805 2193 891 2224 rex
916 2176 1054 2224 nimis
1079 2176 1197 2224 dure
1222 2177 1428 2240 loquitur
1458 2195 1467 2224 :

804 2252 1006 2316 appellat
1030 2252 1132 2300 illos
1157 2253 1345 2317 gravius

806 2330 866 2378 de
891 2330 1072 2395 magnis
1095 2330 1394 2388 facinoribus,

869 2405 1028 2454 dicens
1059 2424 1068 2453 :
1106 2405 1189 2454 Vos
1213 2408 1302 2455 mei
1326 2406 1542 2465 homines,

803 2484 982 2545 perjuri
1005 2483 1312 2541 incredibiles,

801 2573 882 2606 eur
908 2561 1045 2622 agitis
1069 2576 1143 2607 res
1170 2566 1262 2608 tam
1287 2567 1458 2624 turpes,

799 2636 1051 2694 inauditas,
1081 2636 1356 2685 horribiles?

870 2712 958 2769 Qui
982 2715 1176 2761 omnium
1201 2714 1447 2762 dissimiles

801 2790 1034 2838 instruitis
1058 2806 1197 2838 novas
1225 2791 1345 2854 leqes
