2092 3490
512 318 568 352 126

541 407 604 457 24

538 716 601 764 25

535 1023 598 1072 26

532 1331 593 1380 27

528 1639 590 1688 28

528 1946 589 1994 29

526 2253 586 2298 30

525 2560 575 2606 31

1138 317 1275 351 ὓΕὸΤΑ

865 407 1119 469 Coaptatur
1143 400 1234 455 una
1259 407 1429 457 domus

799 481 858 529 de
883 482 1020 548 lignis
1044 487 1092 531 et
1117 482 1352 547 lapidibus

798 564 930 623 grata
956 558 1062 607 urbi
1088 564 1135 607 et
1159 559 1357 620 civibus,

799 641 908 700 apta
931 635 1045 684 viris
1070 636 1310 686 divitibus.

861 717 976 762 Nam
1002 713 1067 762 ibi
1091 718 1200 762 sunt
1224 714 1478 774 cellarium,

794 790 1065 856 granarium
1089 796 1138 840 et
1162 791 1332 840 solium

794 873 842 915 et
866 867 1065 932 coquina
1089 874 1137 917 et
1162 869 1396 918 stabulum

794 950 841 993 et
866 945 1087 1009 quodque
1112 946 1446 995 necessarium.

859 1026 983 1088 Ergo
1007 1023 1132 1071 Petri
1158 1023 1359 1083 licentia,

793 1116 901 1153 cum
926 1100 1054 1148 omni
1079 1117 1162 1149 sua
1187 1101 1336 1166 gratia

790 1183 1103 1241 perrexerunt
1127 1177 1187 1226 ad
1211 1179 1405 1243 propria

789 1270 935 1318 gener
959 1270 1071 1303 suus
1095 1259 1143 1302 et
1168 1254 1278 1303 filia.

855 1334 1020 1380 Petrus
1044 1331 1108 1379 ita
1133 1331 1431 1396 relinquitur,

788 1406 960 1455 familia
984 1407 1226 1466 dividitur,

788 1484 1137 1534 Werimboldus
1162 1486 1439 1551 magnificus

789 1559 984 1610 domum
1009 1562 1180 1610 factam
1204 1563 1484 1629 ingreditur.

851 1641 979 1688 Tunc
1003 1639 1207 1689 ostendit
1230 1641 1424 1689 eximias

787 1732 905 1779 quas
930 1716 1132 1765 habebat
1156 1716 1342 1767 divitias

785 1797 833 1840 et
851 1792 986 1857 juxta
1011 1793 1366 1858 circumpositas

785 1869 897 1918 edes
922 1871 1133 1920 extendit
1158 1871 1287 1921 alias.

851 1948 1016 1996 Tendit
1041 1965 1230 2014 semper
1252 1949 1311 1998 ad
1335 1949 1499 2008 ardua,

785 2023 845 2071 ad
871 2024 1075 2074 honores
1099 2032 1147 2074 et
1170 2042 1385 2084 munera,

779 2100 878 2165 jam
902 2118 1166 2166 pauperum
1190 2103 1426 2152 consortia

783 2178 1072 2242 contempnit
1096 2195 1187 2243 pro
1211 2179 1427 2243 pecunia.

847 2257 1088 2302 Honor-ant
1113 2271 1221 2302 eum
1246 2255 1424 2303 domini

782 2334 922 2393 atque
943 2330 1147 2395 majores
1172 2332 1335 2397 populi

779 2405 1001 2471 illumque
1024 2407 1196 2456 faciunt
1221 2409 1292 2457 sui

780 2484 1057 2548 participem
1079 2485 1273 2533 consilii.

846 2560 965 2618 Quid
991 2560 1113 2608 ultra
1136 2578 1334 2625 possum
1359 2562 1514 2611 dicere

777 2635 836 2684 de
861 2636 1129 2702 hujusmodi
1153 2638 1371 2687 homine?

777 2713 939 2777 aspexi
965 2713 1051 2762 sibi
1077 2731 1307 2780 prospere

776 2790 994 2850 universa
1019 2792 1289 2842 succedere.
