<?xml version="1.0" encoding="UTF-8"?>
<!DOCTYPE html PUBLIC "-//W3C//DTD XHTML 1.0 Transitional//EN"
    "http://www.w3.org/TR/xhtml1/DTD/xhtml1-transitional.dtd">
<html xmlns="http://www.w3.org/1999/xhtml" xml:lang="en" lang="en">
 <head>
  <title>
</title>
<meta http-equiv="Content-Type" content="text/html;charset=utf-8" />
  <meta name='ocr-system' content='tesseract 3.04.00' />
  <meta name='ocr-capabilities' content='ocr_page ocr_carea ocr_par ocr_line ocrx_word'/>
</head>
<body>
  <div class='ocr_page' id='page_1' title='image "./gestapontificumc00cambuoft_0255.png"; bbox 0 0 2092 3490; ppageno 0'>
   <div class='ocr_carea' id='block_1_1' title="bbox 853 382 1661 420">
    <p class='ocr_par' dir='ltr' id='par_1_1' title="bbox 853 382 1661 420">
     <span class='ocr_line' id='line_1_1' title="bbox 853 382 1661 420; baseline 0.006 -5"><span class='ocrx_word' id='word_1_1' title='bbox 853 382 1038 416; x_wconf 74' lang='lat' dir='ltr'><strong>NIGOLAI.</strong></span> <span class='ocrx_word' id='word_1_2' title='bbox 1601 386 1661 420; x_wconf 78' lang='lat'><strong>203</strong></span> 
     </span>
    </p>
   </div>
   <div class='ocr_carea' id='block_1_2' title="bbox 537 471 1131 600">
    <p class='ocr_par' dir='ltr' id='par_1_2' title="bbox 537 471 1131 600">
     <span class='ocr_line' id='line_1_2' title="bbox 537 471 1131 537; baseline 0 -15"><span class='ocrx_word' id='word_1_3' title='bbox 537 471 669 537; x_wconf 90' lang='lat' dir='ltr'><strong>quod</strong></span> <span class='ocrx_word' id='word_1_4' title='bbox 695 472 755 522; x_wconf 87' lang='lat' dir='ltr'><strong>de</strong></span> <span class='ocrx_word' id='word_1_5' title='bbox 780 477 880 521; x_wconf 87' lang='lat' dir='ltr'><strong>tota</strong></span> <span class='ocrx_word' id='word_1_6' title='bbox 905 471 995 521; x_wconf 90' lang='lat' dir='ltr'><strong>sibi</strong></span> <span class='ocrx_word' id='word_1_7' title='bbox 1022 472 1131 522; x_wconf 86' lang='lat' dir='ltr'><strong>villa</strong></span> 
     </span>
     <span class='ocr_line' id='line_1_3' title="bbox 538 549 1050 600; baseline 0 -1"><span class='ocrx_word' id='word_1_8' title='bbox 538 549 807 600; x_wconf 86' lang='lat' dir='ltr'><strong>servabitur</strong></span> <span class='ocrx_word' id='word_1_9' title='bbox 830 550 1050 600; x_wconf 86' lang='lat' dir='ltr'><strong>fidelitas.</strong></span> 
     </span>
    </p>
   </div>
   <div class='ocr_carea' id='block_1_3' title="bbox 347 693 1562 813">
    <p class='ocr_par' dir='ltr' id='par_1_3' title="bbox 347 693 1562 813">
     <span class='ocr_line' id='line_1_4' title="bbox 347 693 1562 749; baseline 0.002 -10"><span class='ocrx_word' id='word_1_10' title='bbox 347 694 501 749; x_wconf 85' lang='lat' dir='ltr'><strong>Quod</strong></span> <span class='ocrx_word' id='word_1_11' title='bbox 532 693 828 749; x_wconf 86' lang='lat' dir='ltr'><strong>episcopus</strong></span> <span class='ocrx_word' id='word_1_12' title='bbox 859 694 1002 739; x_wconf 89' lang='lat' dir='ltr'><strong>idem</strong></span> <span class='ocrx_word' id='word_1_13' title='bbox 1034 694 1325 740; x_wconf 83' lang='lat' dir='ltr'><strong>castellum</strong></span> <span class='ocrx_word' id='word_1_14' title='bbox 1358 695 1562 741; x_wconf 85' lang='lat' dir='ltr'><strong>Simoni</strong></span> 
     </span>
     <span class='ocr_line' id='line_1_5' title="bbox 618 765 1373 813; baseline 0.004 -3"><span class='ocrx_word' id='word_1_15' title='bbox 618 765 926 811; x_wconf 82' lang='lat' dir='ltr'><strong>castellano</strong></span> <span class='ocrx_word' id='word_1_16' title='bbox 958 767 1280 812; x_wconf 81' lang='lat' dir='ltr'><strong>reddiderit.</strong></span> <span class='ocrx_word' id='word_1_17' title='bbox 1368 810 1373 813; x_wconf 72' lang='grc'>,</span> 
     </span>
    </p>
   </div>
   <div class='ocr_carea' id='block_1_4' title="bbox 0 0 124 973">
    <p class='ocr_par' dir='ltr' id='par_1_4' title="bbox 0 0 124 973">
     <span class='ocr_line' id='line_1_6' title="bbox 0 0 124 973; baseline 0 0"><span class='ocrx_word' id='word_1_18' title='bbox 0 0 124 973; x_wconf 95' lang='lat' dir='ltr'><strong> </strong></span> 
     </span>
    </p>
   </div>
   <div class='ocr_carea' id='block_1_5' title="bbox 242 888 1303 2829">
    <p class='ocr_par' dir='ltr' id='par_1_5' title="bbox 242 888 1234 1260">
     <span class='ocr_line' id='line_1_7' title="bbox 242 888 1221 957; baseline -0.002 -16"><span class='ocrx_word' id='word_1_19' title='bbox 242 891 339 942; x_wconf 88' lang='grc'><strong>209</strong></span> <span class='ocrx_word' id='word_1_20' title='bbox 604 888 766 949; x_wconf 82' lang='lat' dir='ltr'><strong>Querit</strong></span> <span class='ocrx_word' id='word_1_21' title='bbox 791 891 971 957; x_wconf 87' lang='lat' dir='ltr'><strong>Symon</strong></span> <span class='ocrx_word' id='word_1_22' title='bbox 996 890 1221 940; x_wconf 90' lang='lat' dir='ltr'><strong>continuo</strong></span> 
     </span>
     <span class='ocr_line' id='line_1_8' title="bbox 536 967 1039 1017; baseline -0.002 0"><span class='ocrx_word' id='word_1_23' title='bbox 536 967 817 1017; x_wconf 88' lang='lat' dir='ltr'><strong>eorumdem</strong></span> <span class='ocrx_word' id='word_1_24' title='bbox 842 968 1039 1017; x_wconf 90' lang='lat' dir='ltr'><strong>consilio</strong></span> 
     </span>
     <span class='ocr_line' id='line_1_9' title="bbox 538 1045 1164 1112; baseline 0.003 -19"><span class='ocrx_word' id='word_1_25' title='bbox 538 1045 620 1110; x_wconf 90' lang='lat' dir='ltr'><strong>qui</strong></span> <span class='ocrx_word' id='word_1_26' title='bbox 645 1051 779 1094; x_wconf 87' lang='lat' dir='ltr'><strong>erant</strong></span> <span class='ocrx_word' id='word_1_27' title='bbox 803 1061 913 1095; x_wconf 91' lang='lat' dir='ltr'><strong>cum</strong></span> <span class='ocrx_word' id='word_1_28' title='bbox 938 1046 1164 1112; x_wconf 90' lang='lat' dir='ltr'><strong>episcopo</strong></span> 
     </span>
     <span class='ocr_line' id='line_1_10' title="bbox 539 1122 1234 1190; baseline 0.003 -18"><span class='ocrx_word' id='word_1_29' title='bbox 539 1129 592 1173; x_wconf 90' lang='lat' dir='ltr'><strong>ut</strong></span> <span class='ocrx_word' id='word_1_30' title='bbox 615 1123 706 1172; x_wconf 92' lang='lat' dir='ltr'><strong>hoc</strong></span> <span class='ocrx_word' id='word_1_31' title='bbox 730 1122 940 1173; x_wconf 81' lang='lat' dir='ltr'><strong>castrum</strong></span> <span class='ocrx_word' id='word_1_32' title='bbox 966 1141 1056 1189; x_wconf 91' lang='lat' dir='ltr'><strong>pro</strong></span> <span class='ocrx_word' id='word_1_33' title='bbox 1081 1141 1234 1190; x_wconf 89' lang='lat' dir='ltr'><strong>puero</strong></span> 
     </span>
     <span class='ocr_line' id='line_1_11' title="bbox 537 1201 995 1260; baseline 0 -10"><span class='ocrx_word' id='word_1_34' title='bbox 537 1201 718 1250; x_wconf 88' lang='lat' dir='ltr'><strong>sororis</strong></span> <span class='ocrx_word' id='word_1_35' title='bbox 743 1218 854 1251; x_wconf 89' lang='lat' dir='ltr'><strong>suae</strong></span> <span class='ocrx_word' id='word_1_36' title='bbox 878 1201 995 1260; x_wconf 89' lang='lat' dir='ltr'><strong>filio,</strong></span> 
     </span>
    </p>

    <p class='ocr_par' dir='ltr' id='par_1_6' title="bbox 243 1278 1257 1562">
     <span class='ocr_line' id='line_1_12' title="bbox 243 1278 1257 1343; baseline -0.001 -14"><span class='ocrx_word' id='word_1_37' title='bbox 243 1280 340 1330; x_wconf 70' lang='grc'><strong>210</strong></span> <span class='ocrx_word' id='word_1_38' title='bbox 605 1295 727 1343; x_wconf 86' lang='lat' dir='ltr'><strong>quae</strong></span> <span class='ocrx_word' id='word_1_39' title='bbox 752 1278 840 1328; x_wconf 89' lang='lat' dir='ltr'><strong>fuit</strong></span> <span class='ocrx_word' id='word_1_40' title='bbox 865 1296 990 1328; x_wconf 88' lang='lat' dir='ltr'><strong>uxor</strong></span> <span class='ocrx_word' id='word_1_41' title='bbox 1015 1280 1257 1338; x_wconf 89' lang='lat' dir='ltr'><strong>Gerardi¹‚</strong></span> 
     </span>
     <span class='ocr_line' id='line_1_13' title="bbox 538 1356 1217 1422; baseline 0 -16"><span class='ocrx_word' id='word_1_42' title='bbox 538 1363 591 1406; x_wconf 92' lang='lat' dir='ltr'><strong>ut</strong></span> <span class='ocrx_word' id='word_1_43' title='bbox 611 1356 793 1422; x_wconf 87' lang='lat' dir='ltr'><strong>justum</strong></span> <span class='ocrx_word' id='word_1_44' title='bbox 817 1362 908 1415; x_wconf 89' lang='lat' dir='ltr'><strong>est,</strong></span> <span class='ocrx_word' id='word_1_45' title='bbox 938 1357 1085 1407; x_wconf 89' lang='lat' dir='ltr'><strong>donet</strong></span> <span class='ocrx_word' id='word_1_46' title='bbox 1109 1357 1217 1418; x_wconf 90' lang='lat' dir='ltr'><strong>sibi,</strong></span> 
     </span>
     <span class='ocr_line' id='line_1_14' title="bbox 538 1434 1103 1485; baseline 0 -1"><span class='ocrx_word' id='word_1_47' title='bbox 538 1435 611 1484; x_wconf 87' lang='lat' dir='ltr'><strong>cui</strong></span> <span class='ocrx_word' id='word_1_48' title='bbox 637 1434 782 1484; x_wconf 86' lang='lat' dir='ltr'><strong>debet</strong></span> <span class='ocrx_word' id='word_1_49' title='bbox 806 1435 1103 1485; x_wconf 89' lang='lat' dir='ltr'><strong>Sanctoberti</strong></span> 
     </span>
     <span class='ocr_line' id='line_1_15' title="bbox 537 1511 1020 1562; baseline 0 0"><span class='ocrx_word' id='word_1_50' title='bbox 537 1511 786 1562; x_wconf 85' lang='lat' dir='ltr'><strong>advocatio</strong></span> <span class='ocrx_word' id='word_1_51' title='bbox 813 1513 1020 1562; x_wconf 86' lang='lat' dir='ltr'><strong>succedi.</strong></span> 
     </span>
    </p>

    <p class='ocr_par' dir='ltr' id='par_1_7' title="bbox 243 1591 1303 1891">
     <span class='ocr_line' id='line_1_16' title="bbox 243 1591 1303 1657; baseline 0 -16"><span class='ocrx_word' id='word_1_52' title='bbox 243 1592 330 1642; x_wconf 70' lang='grc'><strong>211</strong></span> <span class='ocrx_word' id='word_1_53' title='bbox 604 1593 752 1640; x_wconf 88' lang='lat' dir='ltr'><strong>Instat</strong></span> <span class='ocrx_word' id='word_1_54' title='bbox 777 1592 956 1657; x_wconf 86' lang='lat' dir='ltr'><strong>Symon</strong></span> <span class='ocrx_word' id='word_1_55' title='bbox 980 1591 1303 1651; x_wconf 81' lang='lat' dir='ltr'><strong>vehementer,</strong></span> 
     </span>
     <span class='ocr_line' id='line_1_17' title="bbox 537 1669 1083 1735; baseline 0.002 -18"><span class='ocrx_word' id='word_1_56' title='bbox 537 1669 716 1719; x_wconf 87' lang='lat' dir='ltr'><strong>instant</strong></span> <span class='ocrx_word' id='word_1_57' title='bbox 742 1669 812 1718; x_wconf 90' lang='lat' dir='ltr'><strong>sui</strong></span> <span class='ocrx_word' id='word_1_58' title='bbox 840 1669 1083 1735; x_wconf 87' lang='lat' dir='ltr'><strong>adjutores</strong></span> 
     </span>
     <span class='ocr_line' id='line_1_18' title="bbox 537 1747 1059 1814; baseline -0.002 -17"><span class='ocrx_word' id='word_1_59' title='bbox 537 1753 591 1797; x_wconf 90' lang='lat' dir='ltr'><strong>ut</strong></span> <span class='ocrx_word' id='word_1_60' title='bbox 615 1764 783 1796; x_wconf 91' lang='lat' dir='ltr'><strong>eorum</strong></span> <span class='ocrx_word' id='word_1_61' title='bbox 808 1747 1059 1814; x_wconf 82' lang='lat' dir='ltr'><strong>diligenter</strong></span> 
     </span>
     <span class='ocr_line' id='line_1_19' title="bbox 539 1825 1122 1891; baseline 0.002 -18"><span class='ocrx_word' id='word_1_62' title='bbox 539 1830 649 1891; x_wconf 85' lang='lat' dir='ltr'><strong>agat</strong></span> <span class='ocrx_word' id='word_1_63' title='bbox 674 1830 866 1889; x_wconf 88' lang='lat' dir='ltr'><strong>precata</strong></span> <span class='ocrx_word' id='word_1_64' title='bbox 890 1825 1122 1891; x_wconf 85' lang='lat' dir='ltr'><strong>pontifex.</strong></span> 
     </span>
    </p>

    <p class='ocr_par' dir='ltr' id='par_1_8' title="bbox 245 1901 1287 2188">
     <span class='ocr_line' id='line_1_20' title="bbox 245 1901 1287 1962; baseline 0.002 -10"><span class='ocrx_word' id='word_1_65' title='bbox 245 1901 343 1954; x_wconf 73' lang='grc'><strong>212</strong></span> <span class='ocrx_word' id='word_1_66' title='bbox 606 1902 708 1961; x_wconf 86' lang='lat' dir='ltr'><strong>Cui,</strong></span> <span class='ocrx_word' id='word_1_67' title='bbox 737 1902 936 1952; x_wconf 89' lang='lat' dir='ltr'><strong>credens</strong></span> <span class='ocrx_word' id='word_1_68' title='bbox 960 1903 1140 1953; x_wconf 92' lang='lat' dir='ltr'><strong>bonum</strong></span> <span class='ocrx_word' id='word_1_69' title='bbox 1165 1921 1287 1962; x_wconf 90' lang='lat' dir='ltr'><strong>esse,</strong></span> 
     </span>
     <span class='ocr_line' id='line_1_21' title="bbox 541 1981 1211 2047; baseline 0.004 -18"><span class='ocrx_word' id='word_1_70' title='bbox 541 1981 763 2047; x_wconf 83' lang='lat' dir='ltr'><strong>promisit</strong></span> <span class='ocrx_word' id='word_1_71' title='bbox 787 1987 996 2031; x_wconf 82' lang='lat' dir='ltr'><strong>castrum</strong></span> <span class='ocrx_word' id='word_1_72' title='bbox 1021 1983 1211 2033; x_wconf 81' lang='lat' dir='ltr'><strong>tradere</strong></span> 
     </span>
     <span class='ocr_line' id='line_1_22' title="bbox 542 2059 994 2124; baseline 0.002 -15"><span class='ocrx_word' id='word_1_73' title='bbox 542 2060 632 2109; x_wconf 93' lang='lat' dir='ltr'><strong>sub</strong></span> <span class='ocrx_word' id='word_1_74' title='bbox 657 2059 994 2124; x_wconf 88' lang='lat' dir='ltr'><strong>pollicitatione</strong></span> 
     </span>
     <span class='ocr_line' id='line_1_23' title="bbox 541 2138 1016 2188; baseline 0.004 -2"><span class='ocrx_word' id='word_1_75' title='bbox 541 2138 724 2187; x_wconf 89' lang='lat' dir='ltr'><strong>veracis</strong></span> <span class='ocrx_word' id='word_1_76' title='bbox 748 2138 860 2188; x_wconf 87' lang='lat' dir='ltr'><strong>fidei</strong></span> <span class='ocrx_word' id='word_1_77' title='bbox 886 2155 1016 2188; x_wconf 87' lang='lat' dir='ltr'><strong>suae.</strong></span> 
     </span>
    </p>

    <p class='ocr_par' dir='ltr' id='par_1_9' title="bbox 244 2214 1230 2516">
     <span class='ocr_line' id='line_1_24' title="bbox 244 2214 1230 2282; baseline -0.001 -15"><span class='ocrx_word' id='word_1_78' title='bbox 244 2214 298 2267; x_wconf 75' lang='grc'><strong>24</strong></span> <span class='ocrx_word' id='word_1_79' title='bbox 311 2217 340 2263; x_wconf 87' lang='grc'><strong>3</strong></span> <span class='ocrx_word' id='word_1_80' title='bbox 605 2215 827 2265; x_wconf 86' lang='lat' dir='ltr'><strong>Promisit</strong></span> <span class='ocrx_word' id='word_1_81' title='bbox 850 2217 1027 2282; x_wconf 89' lang='lat' dir='ltr'><strong>Symon</strong></span> <span class='ocrx_word' id='word_1_82' title='bbox 1051 2217 1230 2282; x_wconf 87' lang='lat' dir='ltr'><strong>pariter</strong></span> 
     </span>
     <span class='ocr_line' id='line_1_25' title="bbox 540 2295 1101 2360; baseline 0.002 -17"><span class='ocrx_word' id='word_1_83' title='bbox 540 2295 784 2359; x_wconf 89' lang='lat' dir='ltr'><strong>episcopo,</strong></span> <span class='ocrx_word' id='word_1_84' title='bbox 814 2300 867 2343; x_wconf 90' lang='lat' dir='ltr'><strong>ut</strong></span> <span class='ocrx_word' id='word_1_85' title='bbox 891 2300 1101 2360; x_wconf 85' lang='lat' dir='ltr'><strong>oportet,</strong></span> 
     </span>
     <span class='ocr_line' id='line_1_26' title="bbox 540 2371 1106 2437; baseline 0.005 -17"><span class='ocrx_word' id='word_1_86' title='bbox 540 2371 658 2421; x_wconf 89' lang='lat' dir='ltr'><strong>tales</strong></span> <span class='ocrx_word' id='word_1_87' title='bbox 682 2371 889 2437; x_wconf 86' lang='lat' dir='ltr'><strong>prebere</strong></span> <span class='ocrx_word' id='word_1_88' title='bbox 913 2373 1106 2423; x_wconf 89' lang='lat' dir='ltr'><strong>obsides</strong></span> 
     </span>
     <span class='ocr_line' id='line_1_27' title="bbox 540 2449 1200 2516; baseline 0.005 -17"><span class='ocrx_word' id='word_1_89' title='bbox 540 2449 715 2514; x_wconf 86' lang='lat' dir='ltr'><strong>quibus</strong></span> <span class='ocrx_word' id='word_1_90' title='bbox 739 2450 801 2500; x_wconf 91' lang='lat' dir='ltr'><strong>de</strong></span> <span class='ocrx_word' id='word_1_91' title='bbox 826 2467 944 2516; x_wconf 88' lang='lat' dir='ltr'><strong>pace</strong></span> <span class='ocrx_word' id='word_1_92' title='bbox 966 2451 1200 2502; x_wconf 84' lang='lat' dir='ltr'><strong>creder&#39;et.</strong></span> 
     </span>
    </p>

    <p class='ocr_par' dir='ltr' id='par_1_10' title="bbox 245 2526 1261 2829">
     <span class='ocr_line' id='line_1_28' title="bbox 245 2526 1261 2595; baseline 0.002 -17"><span class='ocrx_word' id='word_1_93' title='bbox 245 2526 344 2578; x_wconf 70' lang='lat'><strong>2⁴4</strong></span> <span class='ocrx_word' id='word_1_94' title='bbox 606 2527 690 2577; x_wconf 92' lang='lat' dir='ltr'><strong>His</strong></span> <span class='ocrx_word' id='word_1_95' title='bbox 715 2528 938 2579; x_wconf 90' lang='lat' dir='ltr'><strong>omnibus</strong></span> <span class='ocrx_word' id='word_1_96' title='bbox 963 2530 1031 2579; x_wconf 90' lang='lat' dir='ltr'><strong>sic</strong></span> <span class='ocrx_word' id='word_1_97' title='bbox 1055 2531 1261 2595; x_wconf 87' lang='lat' dir='ltr'><strong>peractis</strong></span> 
     </span>
     <span class='ocr_line' id='line_1_29' title="bbox 542 2605 1056 2671; baseline 0.008 -18"><span class='ocrx_word' id='word_1_98' title='bbox 542 2605 746 2671; x_wconf 87' lang='lat' dir='ltr'><strong>predicti</strong></span> <span class='ocrx_word' id='word_1_99' title='bbox 770 2606 867 2656; x_wconf 93' lang='lat' dir='ltr'><strong>duo</strong></span> <span class='ocrx_word' id='word_1_100' title='bbox 891 2609 1056 2657; x_wconf 88' lang='lat' dir='ltr'><strong>vasalli</strong></span> 
     </span>
     <span class='ocr_line' id='line_1_30' title="bbox 542 2683 1193 2737; baseline 0.008 -6"><span class='ocrx_word' id='word_1_101' title='bbox 542 2683 740 2732; x_wconf 89' lang='lat' dir='ltr'><strong>celatam</strong></span> <span class='ocrx_word' id='word_1_102' title='bbox 765 2691 971 2735; x_wconf 87' lang='lat' dir='ltr'><strong>mortem</strong></span> <span class='ocrx_word' id='word_1_103' title='bbox 997 2687 1193 2737; x_wconf 88' lang='lat' dir='ltr'><strong>Gerardi</strong></span> 
     </span>
     <span class='ocr_line' id='line_1_31' title="bbox 542 2761 1135 2829; baseline 0.008 -20"><span class='ocrx_word' id='word_1_104' title='bbox 542 2761 747 2811; x_wconf 87' lang='lat' dir='ltr'><strong>confessi</strong></span> <span class='ocrx_word' id='word_1_105' title='bbox 771 2769 881 2812; x_wconf 89' lang='lat' dir='ltr'><strong>sunt</strong></span> <span class='ocrx_word' id='word_1_106' title='bbox 906 2765 1135 2829; x_wconf 90' lang='lat' dir='ltr'><strong>pontifici.</strong></span> 
     </span>
    </p>
   </div>
   <div class='ocr_carea' id='block_1_6' title="bbox 299 2907 1004 2959">
    <p class='ocr_par' dir='ltr' id='par_1_11' title="bbox 299 2907 1004 2959">
     <span class='ocr_line' id='line_1_32' title="bbox 299 2907 1004 2959; baseline 0.003 -13"><span class='ocrx_word' id='word_1_107' title='bbox 299 2908 332 2946; x_wconf 82' lang='grc' dir='ltr'><strong>ί.</strong></span> <span class='ocrx_word' id='word_1_108' title='bbox 360 2907 494 2958; x_wconf 87' lang='lat' dir='ltr'><strong>Comp.</strong></span> <span class='ocrx_word' id='word_1_109' title='bbox 516 2907 602 2958; x_wconf 87' lang='lat' dir='ltr'><strong>plus</strong></span> <span class='ocrx_word' id='word_1_110' title='bbox 622 2907 718 2946; x_wconf 78' lang='lat' dir='ltr'><strong>haut</strong></span> <span class='ocrx_word' id='word_1_111' title='bbox 736 2920 773 2959; x_wconf 91' lang='lat' dir='ltr'><strong>p.</strong></span> <span class='ocrx_word' id='word_1_112' title='bbox 797 2909 880 2957; x_wconf 82' lang='lat'><strong>164,</strong></span> <span class='ocrx_word' id='word_1_113' title='bbox 902 2915 1004 2948; x_wconf 85' lang='lat' dir='ltr'><strong>note.</strong></span> 
     </span>
    </p>
   </div>
  </div>
 </body>
</html>
