2092 3490
490 342 529 376 48
1126 338 1259 372 GESTA

780 428 1066 477 dedecorose
1091 425 1288 475 clericis.

491 508 585 558 279
848 502 1094 553 Condoluit
1118 502 1368 566 episcopus

777 581 836 629 de
861 586 931 628 tot
954 578 1316 637 inversionibus‚

778 658 837 706 de
862 656 1041 706 clericis
1066 655 1338 704 enormibus

777 740 824 783 et
848 733 937 782 sibi
962 732 1304 782 resistentibus.

488 814 582 863 280
844 810 1019 869 Quibus
1043 815 1200 858 tamen
1226 805 1522 873 congregatis

778 887 825 935 in
850 886 1028 951 templo
1053 885 1311 935 beatissimi

776 963 1054 1012 confessoris
1080 961 1323 1028 Gaugerici

775 1047 828 1090 ut
852 1041 899 1088 in
926 1040 1027 1088 loco
1052 1039 1218 1105 refugii

487 1118 571 1167 281
842 1116 1083 1166 mandavit
1107 1115 1267 1180 presul
1293 1113 1465 1181 denuo,

777 1194 1181 1258 commonuitque¹
1209 1192 1356 1241 tercio

775 1288 834 1319 ne
860 1275 1044 1319 cessent
1068 1269 1128 1318 ab
1154 1269 1308 1318 officio

777 1347 1030 1412 impiorum
1055 1346 1265 1403 consilio,

485 1425 581 1477 282
842 1425 923 1474 sed
951 1425 998 1472 in
1025 1424 1142 1472 urbe
1166 1427 1438 1471 remaneant

775 1501 1104 1566 aecclesiisque
1131 1500 1335 1548 serviant

775 1584 914 1642 atque
941 1578 1029 1626 sibi
1055 1578 1174 1626 sicut
1199 1576 1374 1625 debent

775 1655 976 1703 fideliter
1001 1654 1239 1702 obediant.

485 1735 579 1783 283
840 1735 929 1780 Per
953 1732 1184 1780 malorum
1209 1729 1455 1778 consilium

775 1809 864 1857 hoc
888 1814 1165 1873 respuentes
1187 1807 1356 1855 iterum

774 1890 958 1934 tantum
982 1891 1151 1951 rogant
1175 1884 1451 1949 epiScopum

776 1969 827 2011 ut
853 1962 996 2011 donet
1021 1963 1088 2011 eis
1112 1961 1291 2010 licitum

486 2039 582 2091 284
841 2057 936 2103 quo
961 2040 1145 2088 valeant
1168 2038 1406 2087 liberrime

774 2116 834 2164 ab
860 2117 978 2164 urbe
1004 2117 1131 2164 foras
1156 2131 1354 2180 pergere

777 2197 825 2241 et
849 2193 948 2241 sine
974 2192 1231 2241 offensione

776 2268 989 2333 corporis
1014 2275 1061 2317 et
1085 2268 1327 2332 pecuniae.

486 2347 580 2396 285
842 2348 928 2393 Dat
953 2345 1110 2410 presul
1136 2345 1254 2392 hanc
1278 2341 1510 2391 licentiam

775 2426 827 2469 ut
852 2438 935 2469 sua
959 2427 1058 2469 tute
1081 2421 1299 2478 habeant,

774 2498 873 2546 sive
898 2498 987 2546 sibi
1012 2503 1284 2547 remaneant

776 2575 874 2623 sive
902 2575 961 2624 ab
986 2575 1103 2623 urbe
1129 2580 1315 2622 exeant.

485 2654 579 2703 286
839 2655 966 2701 Tunc
990 2651 1206 2700 abierunt·
1229 2649 1380 2698 clerici

533 2829 565 2865 1.
594 2829 902 2873 commonuitque:
925 2826 979 2864 Le
1005 2827 1148 2875 copiste
1168 2826 1267 2864 avait
1287 2825 1439 2863 d’abord
1459 2823 1552 2862 ecrit
1568 2824 1882 2868 communuitque.
