2092 3490
525 337 579 371 114
1151 332 1287 367 GESTA

519 426 721 474 domnus
740 422 1053 479 Burchardus,
1084 423 1156 469 vir
1175 422 1375 486 simplex
1394 427 1441 470 et
1460 422 1700 481 honestus,
1729 423 1924 474 clericus

519 501 831 564 sacerdosque
871 497 1141 547 catholicus.
1177 501 1301 563 Papa
1330 498 1587 547 vocabatur
1616 499 1813 549 Pascalis
1844 501 1925 566 qui

516 585 628 627 tunc
665 575 894 642 temporis
933 574 1214 640 apostolicae
1255 574 1382 624 sedis
1421 580 1580 624 custos
1623 576 1841 626 extiterat
1879 583 1927 626 et

515 660 687 712 rector,
717 660 764 702 et
788 657 984 717 quartus
1010 651 1259 700 Henricus1
1288 651 1531 701 dicebatur
1560 653 1820 717 imperator
1843 654 1926 719 qui

516 732 604 781 sub
647 730 815 779 eodem
861 735 1076 794 tempore
1116 729 1314 779 Romani
1363 729 1550 794 imperii
1593 730 1811 779 inventus
1853 736 1926 780 est

515 809 820 875 gubernator.
866 809 1084 856 Ceterum
1123 806 1248 855 inter
1287 823 1485 872 regnum
1526 812 1573 855 et
1612 807 1925 856 sacerdotium

516 891 617 934 erat
638 884 871 940 discordia
889 883 1115 932 mirabilis
1135 883 1487 948 maximumque
1510 883 1775 934 discidium.
1799 887 1926 950 Papa

515 979 718 1027 namque
740 963 897 1027 ipsum
921 962 1257 1026 imperatorem
1282 967 1330 1009 et
1355 961 1454 1026 ejus
1474 978 1619 1027 opera
1640 962 1925 1016 incessanter

514 1038 948 1097 anathematizabat,
978 1043 1025 1086 et
1049 1038 1268 1086 omnibus
1289 1038 1473 1103 virgam
1497 1039 1781 1103 pastoralem
1805 1038 1926 1087 reci-

514 1116 752 1181 pientibus
784 1115 843 1164 de
871 1132 1014 1164 manu
1047 1132 1132 1164 sua
1153 1114 1415 1164 ‘sacerdotii
1449 1115 1848 1164 consecrationem
1878 1121 1926 1163 et

515 1194 670 1243 oleum
709 1194 896 1259 penitus
934 1192 1213 1259 denegabat.
1259 1195 1557 1258 Quapropter
1595 1193 1798 1242 domnus
1837 1193 1925 1242 iste

514 1271 811 1320 Burchardus
830 1270 1150 1321 Cameracensi
1172 1270 1419 1319 aecclesiae
1438 1271 1597 1335 presul
1615 1270 1925 1319 communiter

514 1349 786 1415 designatus
817 1352 866 1396 et
891 1365 980 1413 per
1009 1349 1166 1412 ipsum
1199 1348 1537 1412 imperatorem
1566 1366 1594 1396 a
1624 1350 1925 1398 Cameracen-

514 1426 645 1474 sibus
670 1425 802 1474 factis
826 1425 1128 1474 fidelitatibus
1146 1425 1195 1473 in
1212 1430 1390 1473 terram
1414 1430 1652 1490 receptus,
1680 1442 1769 1490 per
1793 1425 1925 1474 bien-

514 1503 645 1551 nium
670 1502 833 1566 utique
860 1503 919 1551 ab
945 1502 1201 1568 apostolica
1225 1508 1272 1551 et
1296 1502 1516 1553 Remensi
1543 1503 1655 1552 sede
1679 1518 1924 1552 consecra-

515 1581 693 1629 tionem
717 1580 924 1629 debitam
950 1581 1182 1630 dubitavit
1205 1581 1466 1645 requirere.

581 1661 633 1704 2·
675 1662 1007 1709 Verumtamen
1047 1662 1197 1707 Deum
1234 1675 1416 1723 ponens
1453 1658 1717 1724 adjutorem
1756 1674 1892 1708 suum
1907 1696 1919 1716 ,

515 1734 596 1798 qui
621 1740 802 1783 certum
828 1735 1047 1783 desolatis
1072 1735 1241 1799 prebet
1259 1734 1493 1793 solatium,
1523 1735 1604 1799 qui
1621 1735 1795 1800 Joseph
1814 1735 1925 1783 alie-

514 1828 628 1859 num
676 1828 819 1875 super
860 1811 1071 1877 Egiptios
1120 1811 1228 1861 fecit
1269 1811 1587 1876 prepositum,
1639 1818 1686 1860 et
1729 1811 1923 1861 obedire

514 1888 709 1953 cupiens
743 1894 902 1937 sancte
932 1892 1140 1937 Romane
1174 1894 1222 1937 et
1251 1889 1469 1938 Remensi
1501 1889 1771 1947 aecclesiae,
1810 1905 1924 1954 pru-

514 1964 680 2013 denter
703 1965 1075 2014 misericordiam
1093 1965 1175 2014 Dei
1202 1964 1367 2029 suique
1392 1964 1648 2030 magisterii
1673 1964 1798 2029 cepit
1822 1981 1924 2013 sus-

513 2041 679 2098 tinere,
703 2041 900 2090 assiduis
920 2041 1212 2090 orationibus
1231 2047 1279 2090 et
1297 2042 1464 2090 ceteris
1479 2042 1718 2091 beneficiis
1736 2058 1920 2100 vacare,

513 2118 626 2166 cleri
663 2124 710 2166 et
749 2119 911 2183 populi
950 2119 1151 2184 gratiam
1189 2135 1277 2183 per
1314 2119 1586 2167 humilitatis
1625 2119 1924 2168 devotionem

513 2194 768 2258 plurimum
804 2195 1035 2244 obtinere.
1075 2198 1145 2244 Ex
1181 2196 1379 2244 honesta
1416 2212 1530 2261 ergo
1567 2195 1923 2244 conversatione

513 2288 596 2320 sua
626 2277 723 2319 tam
754 2272 878 2320 utilis
910 2277 958 2320 et
988 2272 1166 2337 optima
1200 2273 1258 2320 de
1293 2273 1371 2320 illo
1406 2273 1733 2321 circumfertur
1765 2273 1923 2337 opinio

513 2348 640 2413 quod
680 2349 902 2398 Radulfus
940 2351 1196 2398 Remorum
1241 2349 1650 2414 archiepiscopus2
1694 2366 1754 2398 ex
1796 2350 1922 2398 bono

514 2476 678 2522 eveques
693 2475 905 2523 Manasses‚
926 2474 960 2512 le
975 2474 1227 2523 competiteur
1240 2475 1287 2512 de
1302 2475 1492 2523 Gaucher‚
1508 2475 1664 2524 regarde
1677 2486 1745 2523 par
1759 2475 1922 2512 d’autres

515 2545 664 2572 comme
683 2545 753 2571 son
772 2546 1004 2573 successeur.
1035 2536 1091 2572 La
1120 2535 1235 2573 chose
1265 2536 1409 2574 semble
1436 2536 1608 2574 d'autant
1633 2536 1718 2584 plus
1743 2535 1922 2584 probable

513 2605 587 2642 que
606 2594 803 2632 Manasses
823 2595 884 2632 n'a
902 2605 969 2642 pas
989 2594 1035 2631 de
1054 2594 1276 2643 biographie
1296 2595 1457 2643 speciale
1477 2595 1571 2632 dans
1591 2600 1699 2633 notre
1717 2594 1872 2633 recueil.

561 2655 594 2689 1.
623 2652 717 2690 Plus
737 2665 862 2691 connu
883 2664 970 2691 sous
990 2653 1025 2691 le
1046 2665 1137 2691 nom
1156 2654 1203 2691 de
1223 2654 1345 2692 Henri
1365 2654 1415 2691 V.
1444 2655 1575 2703 Comp.
1606 2654 1692 2703 plus
1712 2654 1807 2692 haut
1825 2665 1860 2702 p.
1885 2654 1920 2701 5,

516 2715 596 2748 not.
620 2712 651 2748 1.

558 2770 592 2806 2.
620 2770 898 2819 L'archeveque
914 2771 1111 2810 Manasses
1126 2771 1162 2808 II
1176 2772 1269 2809 etait
1288 2776 1388 2810 mort
1409 2784 1458 2810 en
1479 2772 1583 2820 1106,
1605 2775 1642 2810 et
1655 2771 1780 2810 Raoul
1793 2771 1922 2809 l’avait

515 2828 702 2876 remplace
723 2829 870 2867 l'annee
893 2831 1080 2868 suivante.
