2092 3490
205 440 290 486 591

207 748 302 798 592

209 1063 304 1110 593

211 1373 307 1423 594

214 1689 309 1737 595
390 1743 397 1747 ,

217 2001 312 2048 596

797 345 1024 380 GALanm.
1560 351 1617 385 103

563 435 681 485 Hinc
705 435 882 485 adeunt
904 436 1130 487 velociter

497 529 674 580 papam
695 513 1042 579 presentialiter

498 608 642 658 quem
667 591 970 657 alloquuntur
994 591 1178 642 duriter

498 675 546 719 et
570 668 927 735 reprehendunt
950 671 1162 737 graviter

565 747 625 797 de
649 748 740 797 hoe
764 754 903 814 pacto
927 748 1147 809 mirifico,

498 824 715 884 terribili,
745 824 989 892 sacrilege,

499 903 629 968 quod
653 902 762 952 feeit
785 919 895 952 cum
919 903 1108 954 diabolo

499 998 589 1047 pro
613 980 786 1030 timore
810 998 1063 1047 corporeo.

566 1059 886 1109 Dehonestant
909 1077 1085 1126 papam
1109 1060 1328 1118 multum,

501 1142 655 1186 totum
680 1137 907 1187 damnant
929 1138 1031 1204 ejus
1056 1143 1265 1204 pactum,

502 1215 783 1294 dirumpunt
807 1215 1107 1282 privilegium

503 1294 634 1361 quod
657 1301 830 1344 vocant
854 1295 1204 1363 pravilegium¹.

569 1377 650 1423 Est
675 1373 834 1440 itaque
860 1373 1076 1439 deposita

504 1451 620 1501 haec
644 1451 800 1518 pactio
825 1450 1098 1501 mortifera²

507 1536 557 1580 et
580 1529 695 1580 item
719 1530 1122 1581 excommunicat³

505 1624 670 1675 regem
694 1607 849 1657 omnis
874 1608 1115 1658 aecclesia.

572 1689 691 1736 Ecce
715 1703 840 1752 papa
864 1685 1009 1752 digno
1029 1686 1136 1752 jure

509 1763 788 1813 cohercetur
814 1762 1054 1828 deponere

509 1841 761 1908 episcopos
785 1841 868 1906 qui
889 1840 950 1890 de
975 1857 1089 1907 rege

508 1920 669 1986 virgas
696 1918 797 1968 ausi
820 1925 930 1968 sunt
955 1935 1160 1968 sumere.

575 2000 679 2047 Non
704 1995 854 2046 multo
879 2000 989 2062 post
1011 1996 1137 2045 hunc
1161 1996 1419 2046 terminum

509 2074 731 2140 deposuit
754 2074 1034 2140 episcopum

512 2151 726 2203 Odonem
751 2158 951 2218 propter
977 2151 1199 2202 baculum

512 2248 540 2280 a
564 2246 678 2297 rege
703 2229 818 2280 sibi4
841 2229 1114 2280 traditum5.

268 2398 303 2435 1.
332 2397 467 2446 Comp.
487 2396 577 2435 Act.
599 2396 762 2435 Concilii
788 2397 955 2436 Romani
976 2397 1088 2435 18-23
1114 2397 1227 2434 Mart.
1252 2397 1346 2435 1112
1365 2398 1478 2444 (Mon.
1500 2398 1637 2441 Germ„

221 2459 339 2507 Legg.
361 2461 390 2495 t.
412 2457 470 2503 Π,
497 2456 600 2506 App.
622 2469 659 2506 p.
683 2458 765 2496 181.
793 2478 841 2486 -
865 2457 1073 2506 Muratori,
1100 2459 1182 2496 Rer.
1209 2459 1296 2495 Ital.
1324 2457 1476 2505 Script„
1504 2461 1532 2494 t.
1560 2456 1638 2505 ΙΙΙ,

219 2523 317 2568 part.
338 2529 366 2567 1,
386 2528 424 2566 p.
447 2516 546 2560 363).

267 2579 304 2618 2.
332 2579 388 2617 Le
406 2578 452 2616 23
471 2589 576 2616 mars
597 2578 691 2616 1112
711 2577 835 2627 (Jaffe,
856 2589 894 2627 p.
917 2577 1012 2625 504).

269 2639 304 2678 3.
332 2640 637 2676 eaeoommunicat.
661 2637 767 2675 Dans
786 2637 822 2676 le
841 2649 914 2675 ms.
931 2639 998 2688 ily
1012 2637 1114 2676 avait
1134 2637 1288 2676 d’abord
1307 2638 1641 2674 excommunicant.

269 2700 305 2736 4.
332 2699 418 2735 sibi.
439 2696 548 2734 Dans
567 2696 603 2734 le
623 2708 696 2734 ms.
718 2698 922 2735 au-dessus
942 2697 989 2734 de
1010 2698 1047 2734 la
1065 2696 1182 2746 ligne.

272 2758 307 2796 5.
335 2758 378 2796 Si
398 2757 435 2796 le
454 2757 524 2796 fait
543 2763 603 2796 est
621 2758 716 2804 vrai,
735 2780 784 2786 —-
803 2758 830 2796 il
848 2759 949 2796 n'est
967 2769 1035 2807 pas
1054 2757 1280 2796 mentionne
1294 2757 1391 2795 dans
1404 2757 1578 2794 Herman
1596 2755 1644 2793 de

223 2818 390 2856 Toumai
419 2820 558 2867 (comp.
586 2818 624 2856 la
651 2823 741 2857 note
769 2819 977 2866 suivante)‚
1001 2840 1045 2846 —
1066 2829 1116 2856 on
1144 2829 1193 2855 ne
1219 2821 1311 2865 peut
1337 2816 1573 2865 s’empecher
1597 2815 1645 2854 de

225 2881 380 2916 trouver
407 2882 506 2915 cette
534 2876 696 2915 severite
723 2889 776 2914 un
805 2888 879 2926 peu
909 2878 1118 2923 excessivo,
1148 2876 1311 2925 puisque
1341 2875 1453 2914 Odon
1483 2875 1645 2913 n'aurait
