2092 3490
493 345 550 379 106
1116 342 1251 377 Gsss'rA

489 436 583 482 607
843 437 1016 485 Verum
1041 421 1291 482 Galcherus
1315 434 1567 498 pessimam

777 511 928 559 sciens
952 526 1056 559 esse
1080 510 1364 560 discordiam

777 588 899 636 inter
919 603 1096 652 papam·
1115 592 1163 636 et
1186 603 1412 647 cesarem,

776 681 827 713 se
850 665 1007 730 ipsum
1029 681 1145 713 vero
1169 664 1390 722 debilem,

488 744 580 790 608
839 742 986 790 immo
1009 742 1179 790 timens
1204 741 1263 790 de
1288 742 1438 808 gratia

776 819 1017 884 perdenda
1040 819 1297 884 apostolica

776 914 919 962 quam
944 897 1084 946 stulte
1100 897 1198 963 jam
1222 896 1442 946 amiserat

777 991 865 1039 pro
890 974 1204 1023 inobedientia
1235 991 1245 1022 :

487 1052 579 1099 609
839 1051 899 1100 ad
922 1051 1012 1100 hoc
1037 1051 1158 1101 illius
1184 1051 1392 1100 animum

774 1128 951 1177 nullum
975 1129 1105 1177 flexit
1126 1128 1370 1177 consilium

772 1211 821 1253 ut
848 1205 968 1253 ultra
992 1222 1080 1269 per
1103 1206 1230 1271 regis
1255 1204 1433 1254 donum

772 1282 979 1330 offendat
1002 1282 1342 1348 magisterium.

485 1361 576 1406 610
838 1361 953 1408 Cum
976 1359 1119 1425 igitur
1142 1360 1202 1408 de
1226 1360 1449 1409 Galchero

772 1436 896 1484 nulla
920 1437 1072 1501 prosit
1094 1437 1275 1501 petitio,

774 1529 859 1560 nec
883 1512 1004 1561 facta
1028 1513 1284 1570 revocatio,

773 1591 985 1639 mittatur
1007 1591 1056 1639 in
1082 1590 1302 1640 silentio¹.

896 1755 977 1798 De
995 1754 1171 1797 morte
1197 1754 1468 1798 Galcheri.

837 1896 961 1946 Vixit
985 1896 1236 1945 Galcherus
1260 1895 1462 1960 denique

773 1988 867 2020 non
891 1972 1040 2021 multo
1064 1972 1256 2036 quidem
1278 1971 1538 2036 tempore²‚

534 2132 566 2167 1.
595 2130 729 2178 Comp.
751 2129 837 2178 plus
855 2131 951 2168 haut
970 2133 1237 2175 Introduction,
1260 2141 1368 2167 num.
1392 2130 1447 2168 13.

529 2190 564 2227 2.
602 2189 730 2228 L'acte
762 2201 830 2238 par
854 2190 983 2239 'lequel
1013 2190 1230 2237 Burchard,
1265 2190 1407 2238 eveque
1438 2189 1486 2227 de
1514 2189 1710 2237 Cambmi,
1738 2194 1887 2228 soumet

483 2248 653 2297 l’abhaye
672 2248 719 2286 de
737 2248 933 2286 Bornhem
952 2249 974 2286 a
993 2248 1086 2286 celle
1099 2248 1348 2296 d'Afflighem
1367 2251 1440 2294 (ces
1453 2247 1553 2285 deux
1566 2248 1729 2296 abbayes
1744 2248 1888 2286 etaient

483 2308 624 2345 situees
655 2307 750 2345 dans
780 2308 1072 2346 l’archidiacone
1101 2308 1151 2346 du
1181 2308 1359 2356 Brabant)
1392 2319 1441 2344 en
1474 2307 1579 2355 1120,
1606 2311 1712 2355 porte
1736 2318 1786 2346 en
1809 2309 1887 2346 tete

484 2366 550 2404 des
582 2368 793 2414 signatures
827 2383 835 2404 ε
869 2368 1028 2414 Siqnum
1059 2368 1226 2405 Gualteri
1257 2368 1526 2411 archidiaconi,
1562 2370 1600 2404 et
1627 2371 1725 2404 cette
1757 2366 1886 2415 signa-

484 2431 569 2462 ture
605 2430 663 2462 est
688 2425 809 2462 suivie
835 2425 882 2463 de
914 2426 1007 2463 celle
1041 2426 1088 2463 de
1118 2427 1210 2464 trois
1243 2430 1370 2463 autres
1402 2425 1653 2464 archidiacres
1682 2426 1884 2474 (Miraeus,

486 2486 549 2532 Op.
582 2486 689 2532 dipl„
722 2489 825 2523 tome
856 2485 888 2532 I,
921 2497 1015 2534 page
1050 2486 1146 2529 171).
1175 2485 1240 2523 Un
1275 2490 1383 2523 autre
1415 2485 1582 2533 diplome
1618 2486 1665 2523 de
1689 2486 1727 2523 la
1759 2487 1886 2523 meme

483 2543 607 2581 annee
633 2543 724 2581 1120
750 2548 808 2581 est
834 2543 941 2592 signe
972 2555 1040 2592 par
1063 2545 1233 2594 l'eveque
1260 2544 1455 2582 Burchard
1487 2549 1525 2582 et
1550 2555 1620 2592 par
1645 2547 1729 2591 cinq
1758 2544 1885 2582 archi·-

484 2603 647 2650 diacres,
676 2602 798 2650 parmi
823 2602 986 2651 lesquels
1010 2614 1059 2641 ne
1090 2615 1131 2641 se
1159 2609 1292 2641 trouve
1321 2614 1387 2651 pas
1414 2603 1591 2640 Gaucher
1620 2604 1738 2650 (Ibid.,
1768 2607 1794 2640 t.
1824 2603 1883 2652 II,

483 2675 520 2711 p.
543 2662 638 2708 816).
659 2661 693 2698 Il
712 2663 827 2699 serait
845 2665 1034 2709 peut-etro
1053 2663 1195 2710 permis
1215 2662 1261 2699 de
1281 2662 1458 2700 conclure
1485 2662 1531 2699 de
1556 2662 1593 2700 la
1617 2672 1690 2710 que
1709 2661 1887 2700 Gaucher

483 2726 639 2758 mourut
667 2721 760 2758 dans
790 2721 824 2758 le
852 2727 1010 2759 courant
1038 2721 1084 2758 de
1111 2721 1187 2759 l'an
1215 2721 1319 2768 1120,
1346 2722 1379 2758 si
1407 2726 1514 2759 outre
1542 2721 1730 2769 plusieurs
1758 2726 1885 2758 autres

485 2780 672 2827 diplomes
703 2779 933 2826 anterieurs,
968 2780 1096 2828 signes
1132 2781 1238 2818 aussi
1276 2792 1345 2828 par
1375 2781 1430 2818 les
1460 2782 1607 2818 memes
1637 2780 1724 2828 cinq
1753 2779 1885 2817 archi-

490 2839 648 2885 diacres,
669 2838 695 2875 il
715 2839 779 2887 n'y
803 2850 851 2876 en
878 2839 978 2876 avait
1002 2851 1138 2877 encore
1163 2851 1216 2876 un
1241 2839 1287 2877 de
1317 2840 1422 2886 1122,
1450 2843 1498 2877 οὺ
1530 2839 1631 2877 leurs
1658 2850 1769 2877 noms
1799 2843 1885 2876 sont
