2092 3490
0 0 13 22 5
9 0 89 28 wwwww

205 588 302 635 556

204 899 299 946 557

202 1210 297 1257 558

799 340 1024 376 GALGHERI.
1581 345 1622 381 97

499 431 585 481 sed
609 431 771 482 divisit
793 448 882 498 per
906 432 1144 498 principes

497 509 849 560 conservandos
873 510 1094 560 fideliter.

564 587 704 638 Redit
727 605 863 638 cesar
886 588 977 637 hoe
1001 593 1195 654 peraeto

496 671 545 714 et
569 666 823 716 Galcherus
847 666 1018 721 iteum
1042 684 1119 726 en,

497 743 578 808 qui
603 761 694 809 pro
719 744 847 811 regis
872 744 1068 794 servitio

496 826 712 870 moratur
735 821 785 870 in
808 820 1030 887 palatio1.

562 900 783 965 Regressi
808 905 918 949 sunt
942 905 1057 950 tune
1080 899 1235 950 clerici

495 977 577 1042 qui
603 977 825 1044 fugerant
848 984 896 1027 et
915 977 1020 1026 laici

494 1054 556 1103 ad
581 1054 701 1103 hanc
725 1055 913 1114 urbem,
943 1055 1028 1104 sed
1054 1071 1164 1105 cum
1186 1056 1255 1105 eis

493 1132 683 1197 presul²
708 1149 804 1181 non
828 1138 988 1198 potest
1013 1132 1215 1199 ingredi.

563 1211 687 1260 Grex
712 1210 840 1259 enim
864 1216 994 1260 totus
1019 1210 1193 1261 civium

494 1287 584 1337 sibi
609 1293 751 1354 negat
774 1288 1021 1338 introitum
1051 1307 1060 1336 ε

494 1364 603 1414 inde
628 1365 760 1415 vadit
785 1365 1019 1415 luciacum

494 1443 556 1491 ad
580 1442 828 1509 antiquum
852 1443 1157 1508 hospitium-⁹³.

275 1605 430 1660 Quod
454 1605 763 1652 Galoherus
789 1608 861 1652 ad
886 1618 1085 1662 papam
1111 1609 1181 1652 ab
1210 1608 1543 1663 imperatore

201 1823 296 1870 559
339 1820 347 1829 ⁸

202 2134 296 2181 560

742 1679 820 1723 alt
846 1680 1071 1724 missus.

560 1822 783 1888 Ejusdem
808 1824 918 1872 anni
942 1824 1186 1890 tempor-24

494 1916 581 1948 rex
606 1900 734 1950 idem
758 1901 1059 1952 Alemanniae

494 1978 584 2027 sub
609 1995 807 2046 magnae
829 1980 960 2044 pacis
985 1979 1143 2045 specie

492 2055 706 2105 decrevit
730 2061 930 2107 Romam
955 2074 1176 2124 pergere.

562 2137 715 2194 Quare
739 2136 957 2200 premisit
981 2136 1172 2185 nuntios

493 2212 624 2262 viros
647 2214 927 2279 prudentes,
957 2215 1182 2280 optimos,

248 2391 282 2428 1.
310 2389 371 2428 On
389 2391 471 2429 voit
490 2403 564 2441 que
584 2392 764 2432 Graucher
783 2405 833 2432 ne
852 2405 892 2432 se
914 2394 1061 2444 croyait
1086 2405 1155 2442 pas
1180 2405 1230 2432 en
1255 2392 1382 2431 surete
1403 2392 1426 2429 ὲ
1445 2391 1620 2429 Cambrai

199 2449 267 2488 des
285 2450 379 2500 qu'il
398 2451 464 2501 n’y
482 2452 586 2491 avait
603 2465 685 2503 pas,
706 2465 803 2503 pour
821 2454 858 2493 le
874 2455 1063 2505 protegor,
1078 2455 1134 2493 les
1147 2458 1302 2504 troupes
1316 2452 1363 2491 de
1378 2452 1619 2501 l’empereur.

246 2511 283 2550 2.
311 2511 504 2562 L'eveque
522 2512 647 2552 Odon.
812 2522 815 2523 ’

247 2570 282 2609 3.
310 2570 445 2620 Gomp.
467 2571 554 2621 plus
573 2573 669 2612 haut
689 2578 756 2613 str.
779 2574 863 2612 495.

246 2630 281 2668 4.
310 2630 431 2681 G'est,
460 2643 510 2670 en
539 2631 646 2680 estet,
675 2644 724 2672 en
756 2634 847 2672 1109
877 2645 951 2684 que
970 2634 1093 2673 Hem-i
1117 2634 1150 2671 V
1171 2644 1321 2683 envoya
1345 2633 1367 2670 ὲ
1393 2632 1518 2670 Rome
1543 2642 1621 2669 une

198 2690 424 2730 ambassade
448 2692 609 2741 chargee
633 2693 681 2732 de
707 2695 846 2733 sunder
868 2694 927 2741 les
954 2695 1201 2744 dispositions
1227 2693 1278 2731 du
1306 2703 1402 2741 pape
1429 2690 1563 2730 Pascal
1582 2690 1622 2728 II

198 2750 351 2796 (Annal.
373 2753 629 2797 Hildesheim„
651 2765 688 2802 p.
714 2754 812 2796 112).
842 2754 950 2793 Dans
969 2755 1007 2793 la
1025 2755 1193 2792 Vel-sion
1214 2753 1399 2799 frene-eise
1417 2762 1468 2790 on
1487 2757 1622 2789 trouve

200 2812 382 2859 marquee
401 2811 550 2851 l'annee
570 2812 661 2851 1104
685 2814 733 2862 (p.
757 2814 843 2863 519,
865 2826 905 2852 n.
921 2814 966 2852 27
985 2817 1112 2862 extr.).
1136 2814 1238 2851 G’est
1256 2823 1333 2850 une
1353 2822 1483 2850 erreur
1500 2811 1622 2849 mani-

202 2869 309 2907 feste.

1433 2932 1450 2966 ἵ
