2092 3490
497 346 552 378 152
1121 341 1253 377 GESTA

526 437 587 482 67
750 431 955 480 Tandem.
982 430 1110 495 [que]
1140 431 1381 479 Remensis
1404 431 1605 495 presulis
1630 431 1846 496 precibus

685 515 731 557 et
756 508 1085 572 episcoporum
1109 507 1429 571 petitionibus,

685 585 829 632 immo
853 600 942 647 pro
967 583 1135 632 auditis
1160 583 1486 633 afflictionibus

684 661 908 710 relaxavit
933 677 1014 709 eos
1035 660 1094 708 de
1114 659 1419 725 jussionibus.

530 827 610 869 De
642 824 975 879 profectione
1007 805 1310 867 Burohardi
1342 824 1413 867 ad
1443 824 1841 878 imperatorem.

524 983 583 1027 68
749 982 874 1026 Tunc
899 978 1195 1027 Burohardus
1220 983 1322 1026 erat
1346 979 1392 1025 in
1417 973 1738 1044 Langobar-dia

684 1056 743 1104 de
767 1072 918 1119 papae
943 1055 1132 1104 rediens
1156 1055 1303 1103 tristis
1328 1056 1562 1119 presentia
1593 1074 1602 1102 :

683 1131 756 1180 oui
782 1132 841 1179 ab
866 1131 1074 1196 undique
1099 1131 1315 1180 accidunt
1340 1131 1542 1179 maxima

682 1208 851 1256 mentis
875 1214 923 1256 et
945 1208 1157 1272 corporis
1182 1208 1307 1256 mille
1335 1208 1582 1273 pericula1.

521 1287 580 1332 69
779 1288 830 1332 In
855 1302 941 1333 suo
966 1285 1119 1334 reditu
1145 1284 1322 1332 invenit
1347 1301 1556 1333 cesarem

681 1362 761 1425 qui
786 1367 897 1410 tunc
923 1362 1160 1426 equitabat
1186 1379 1272 1426 per
1297 1361 1691 1427 Langobardiam²
1722 1379 1731 1409 :

539 1529 566 1563 1.
593 1529 771 1573 pericula.
801 1527 905 1564 Dans
927 1527 961 1563 le
981 1538 1055 1563 ms.
1075 1538 1125 1563 on
1146 1531 1277 1564 trouve
1304 1528 1510 1564 au-dessus
1538 1527 1584 1564 de
1609 1526 1645 1564 la
1666 1526 1767 1575 ligne
1786 1531 1824 1564 et
1842 1538 1891 1564 en

487 1592 601 1624 avant
621 1586 666 1623 de
688 1597 729 1623 ce
749 1591 830 1623 mot
849 1587 885 1622 la
904 1586 1075 1623 variante
1093 1590 1146 1623 vet
1168 1590 1371 1623 contraria.

534 1646 568 1682 2.
598 1645 696 1681 C'est
721 1656 769 1681 au
795 1644 1008 1693 printemps
1034 1645 1079 1682 de
1103 1645 1252 1682 l'annee
1281 1645 1371 1682 1116
1398 1656 1470 1693 que
1494 1645 1616 1682 Henri
1641 1645 1678 1682 V
1698 1656 1739 1682 se
1766 1645 1892 1682 rendit

486 1705 579 1741 dans
599 1704 635 1740 la
653 1704 893 1752 Lomhardie,
915 1704 991 1740 afin
1011 1704 1057 1741 de
1077 1704 1133 1751 s'y
1151 1708 1288 1741 mettre
1307 1715 1356 1741 en
1382 1704 1600 1751 possession
1628 1703 1694 1741 des
1722 1703 1819 1741 etats
1844 1703 1892 1741 de

486 1765 522 1801 la
541 1764 688 1801 celebre
706 1768 892 1800 comtesse
911 1763 1109 1810 Mathilde,
1130 1768 1253 1800 morte
1273 1763 1308 1800 le
1327 1763 1371 1800 24
1388 1763 1514 1812 juillet
1533 1763 1579 1800 de
1597 1763 1747 1800 l'annee
1766 1763 1891 1812 prece-

485 1824 598 1860 dente
618 1823 838 1870 (Domum,
869 1825 934 1859 Vit.
957 1825 1165 1866 Mathildis‚
1197 1835 1232 1859 v.
1255 1823 1320 1868 45,
1342 1822 1408 1870 99,
1430 1823 1518 1870 400,
1545 1825 1642 1859 Mon.
1666 1823 1799 1866 Germ„
1823 1823 1887 1860 SS.

486 1887 510 1919 t.
536 1882 636 1929 XII,
658 1893 692 1928 p.
715 1882 797 1928 407,
820 1882 915 1928 408).
944 1882 1051 1918 Cette
1072 1882 1291 1930 expedition
1312 1893 1352 1919 se
1371 1886 1504 1919 trouve
1523 1884 1702 1931 marquee
1721 1881 1814 1919 dans
1834 1881 1890 1918 les

485 1939 656 1977 Annales
677 1940 722 1977 de
740 1941 854 1988 Liege
875 1952 923 1977 en
943 1952 1005 1978 ces
1025 1947 1165 1978 termes
1188 1953 1195 1977 :
1225 1941 1328 1978 1116.
1351 1943 1547 1978 Heinricus
1567 1944 1768 1987 imperator
1782 1951 1890 1987 prop-

487 2005 540 2036 ter
559 2012 703 2046 asperos
723 2003 765 2036 in
784 2012 819 2036 se
841 2005 959 2036 motus
979 2003 1086 2046 reyni
1107 2000 1145 2046 (il
1166 2001 1295 2037 venait
1315 2000 1509 2049 d'essuyer
1529 2011 1606 2037 une
1632 1999 1769 2037 defaite
1788 1999 1835 2036 de
1854 1999 1891 2036 la

485 2064 569 2108 part
588 2059 652 2095 des
674 2059 832 2105 Saxons)
853 2061 902 2096 ad
921 2062 1072 2096 Italiam
1097 2062 1225 2096 secedit
1251 2064 1283 2096 et
1310 2064 1449 2096 terram
1468 2060 1661 2095 Mathildis
1685 2060 1891 2095 marchisae

486 2120 908 2164 Lanqobardorumjure
924 2121 1217 2165 propinquitatis
1237 2121 1425 2165 occupavit
1446 2118 1594 2164 (Annal.
1618 2119 1734 2162 Laod„
1757 2129 1792 2165 p.
1816 2117 1887 2163 30).

486 2177 691 2214 Ekkehard
717 2176 862 2214 d'Aura
881 2177 937 2214 dit
956 2178 978 2214 a
997 2189 1069 2225 peu
1097 2178 1182 2225 pres
1210 2177 1257 2214 de
1283 2180 1410 2214 meme
1435 2177 1529 2214 dans
1559 2188 1601 2214 sa
1622 2177 1840 2225 Chronique
1867 2177 1891 2214 ὀ,

485 2236 560 2273 l'an
582 2236 671 2272 1116
695 2251 701 2271 :
736 2235 958 2278 [Henricus]
979 2238 1156 2272 scandala
1172 2239 1391 2282 principum
1411 2237 1600 2272 declinans
1621 2238 1664 2272 in
1684 2237 1836 2272 Italiam
1854 2247 1890 2272 se

486 2308 564 2332 una
585 2307 668 2332 cum
689 2298 820 2341 reyina
841 2300 983 2341 totaque
1002 2298 1105 2332 domo
1134 2307 1203 2332 sua
1231 2298 1387 2332 contulit
1413 2307 1457 2332 ac
1483 2298 1583 2332 circa
1610 2298 1753 2332 Padum
1780 2307 1891 2341 neqo-

487 2358 548 2391 tiis
567 2357 740 2391 insistens
759 2358 867 2400 reyni
871 2383 940 2391 .....
965 2354 1198 2400 (Ekkehard.
1220 2354 1381 2402 Uraug„
1410 2366 1447 2402 p.
1477 2355 1573 2402 250).
1604 2355 1658 2391 Le
1686 2359 1810 2402 temps
1837 2354 1888 2391 du

486 2413 610 2461 sejour
623 2414 669 2450 de
681 2413 802 2450 Henri
817 2414 853 2449 V
867 2425 915 2450 en
930 2413 1159 2450 Lombardie
1174 2419 1232 2450 est
1245 2423 1381 2455 encore
1398 2413 1523 2450 donne
1541 2424 1608 2461 par
1621 2413 1657 2450 la
1671 2413 1889 2461 Chronique

485 2473 536 2509 du
555 2472 828 2518 Mont-Cassin‚
850 2474 898 2509 οὔ
916 2483 967 2509 on
986 2472 1031 2508 lit
1053 2485 1060 2508 :
1083 2475 1152 2508 Per
1170 2474 1266 2508 idem
1287 2477 1424 2518 tempus
1442 2474 1599 2510 Romani
1616 2474 1788 2509 adversus
1804 2475 1889 2518 jam

484 2533 624 2567 dictum
646 2533 854 2576 pontificem
884 2530 1125 2577 [Paschalem
1143 2530 1197 2574 Π]
1225 2533 1338 2576 ferali
1364 2533 1461 2567 inter
1485 2542 1520 2567 se
1545 2532 1625 2566 odio
1650 2531 1885 2566 dissidebant.

485 2591 580 2626 Nam
607 2601 695 2635 pars
723 2592 889 2626 maxima
922 2592 1093 2632 illorum,
1129 2592 1196 2635 qui
1226 2592 1349 2635 filium
1378 2601 1496 2635 nuper
1524 2591 1689 2635 defuncti
1713 2590 1890 2635 praefecti

487 2647 618 2694 [Petri]
650 2651 777 2683 contra
806 2647 1028 2695 [pontificis]
1057 2650 1282 2684 voluntatem
1311 2651 1511 2693 cleqerant,
1543 2648 1712 2683 omnibus
1746 2647 1887 2682 nisibus

486 2710 613 2742 contra
631 2709 781 2742 Petrum
800 2708 924 2742 Leonis
938 2708 1103 2752 amabant,
1122 2708 1208 2742 adeo
1228 2711 1270 2742 ut
1286 2709 1487 2743 nonnullas
1502 2710 1579 2752 ejus
1594 2710 1714 2742 turres
1730 2707 1887 2742 destrue-

486 2770 587 2808 rent,
619 2768 708 2811 quia
730 2777 796 2812 pro
816 2769 891 2811 ipso
911 2770 943 2802 et
963 2777 1047 2802 cum
1067 2768 1143 2811 ipso
1163 2777 1238 2801 non
1263 2770 1490 2802 consenserat
1511 2766 1678 2811 pontifex
1704 2766 1888 2801 voluntati

487 2834 624 2860 eorum.
647 2826 710 2860 His
729 2826 868 2860 auditis
888 2826 1082 2861 Heinricus
1103 2827 1314 2870 imperator,
1337 2827 1403 2870 qui
1422 2826 1594 2875 defuncta
1608 2824 1779 2860 Mattilda
1799 2827 1887 2859 tunc
