2092 3490
247 659 308 704 60

247 971 298 1021 61

246 1281 308 1331 62

244 1594 305 1641 63

245 1904 308 1953 64

245 2217 306 2263 65

248 2528 310 2575 66

263 2855 295 2892 1.
325 2855 432 2893 Dans
454 2855 490 2894 la
511 2857 676 2894 Version
700 2857 886 2904 franeaise
911 2872 917 2894 :
941 2860 962 2893 ἁ
984 2862 1020 2894 la
1038 2862 1140 2904 porte
1161 2859 1201 2893 cle
1223 2858 1342 2895 Sellas.

762 331 1018 366 BURGHARDI.
1042 333 1066 364 1.

507 421 759 472 duodecim
783 439 874 488 pro
899 423 1011 482 fllia,

508 500 641 551 dedit
664 507 713 551 et
737 501 825 551 hee
850 507 899 551 et
923 502 1010 552 alia

507 578 633 628 dona
657 578 1001 628 memorabilia.

572 656 647 706 Sic
671 662 824 707 matre
847 658 1008 723 sieque
1033 658 1142 707 filiis

506 751 594 800 per
618 734 833 785 abbatias
858 736 1026 801 positis

506 813 860 863 Werimboldus
885 813 934 862 in
959 814 1062 863 aliis

506 897 698 941 exercet
723 892 1008 941 elemosinis.

533 960 536 961 ⁷
571 969 644 1019 Ad
668 976 836 1034 portae
862 970 996 1019 salis¹
1026 970 1279 1021 transitum

508 1052 737 1096 statutum
762 1054 864 1096 erat
889 1047 1082 1098 feodum

505 1125 719 1191 accipere
744 1126 999 1193 pedagium

507 1202 568 1251 de
591 1203 737 1252 rebus
762 1204 1126 1263 transeuntium,

572 1286 620 1330 et
644 1281 693 1329 in
718 1281 796 1330 illo
821 1282 988 1332 itinere

506 1358 712 1408 debebat
736 1365 934 1425 pontem
960 1361 1116 1410 faeere

505 1436 700 1502 quidam
724 1437 1014 1488 Fulehardus
1037 1437 1228 1487 nomine

506 1532 657 1580 quem·
674 1515 867 1565 tenebat
891 1517 952 1567 de
977 1517 1185 1583 presule.

570 1595 642 1643 An
669 1593 1012 1644 destruendum
1036 1596 1225 1661 penitus

505 1671 593 1720 hos
618 1672 892 1736 pestilentes
917 1673 1133 1723 redditus

506 1747 739 1798 laboravit
764 1751 1117 1802 Werimboldus

505 1832 553 1875 et
577 1833 775 1894 argento
801 1834 848 1877 et
872 1829 1114 1894 precibus.

572 1905 786 1972 Cogitatu
812 1907 1109 1957 sanctissimo

505 1982 565 2032 ad
590 1983 682 2032 hoe
706 1983 890 2033 laborat
914 1985 1085 2034 merito
1117 2003 1126 2033 :

505 2076 615 2109 nam
639 2077 750 2110 eum
774 2061 887 2111 ssetu
914 2061 1207 2111 creberrimo

505 2138 664 2203 pontis
686 2145 788 2189 erat
812 2140 1047 2190 transitio.

571 2216 796 2266 Crudeles
819 2217 946 2265 enim
971 2217 1132 2267 famuli

506 2299 778 2360 receptores
807 2295 994 2361 pedagii

505 2388 615 2421 eum
640 2372 837 2422 deerant
862 2373 1041 2422 denarii

504 2450 731 2500 tollebant
755 2468 957 2516 cappam
982 2451 1144 2500 rustici

573 2535 655 2577 aut
678 2529 886 2579 tunicam
912 2534 993 2578 aut
1016 2529 1211 2594 pallium

507 2611 588 2655 aut
612 2605 812 2656 bestiam
837 2612 918 2657 aut
943 2608 1143 2657 alterum

506 2684 842 2750 quodcumque
866 2686 1207 2736 vadimonium.

1577 337 1628 370 131
