<?xml version="1.0" encoding="UTF-8"?>
<!DOCTYPE html PUBLIC "-//W3C//DTD XHTML 1.0 Transitional//EN"
    "http://www.w3.org/TR/xhtml1/DTD/xhtml1-transitional.dtd">
<html xmlns="http://www.w3.org/1999/xhtml" xml:lang="en" lang="en">
 <head>
  <title>
</title>
<meta http-equiv="Content-Type" content="text/html;charset=utf-8" />
  <meta name='ocr-system' content='tesseract 3.04.00' />
  <meta name='ocr-capabilities' content='ocr_page ocr_carea ocr_par ocr_line ocrx_word'/>
</head>
<body>
  <div class='ocr_page' id='page_1' title='image "./gestapontificumc00cambuoft_0257.png"; bbox 0 0 2092 3490; ppageno 0'>
   <div class='ocr_carea' id='block_1_1' title="bbox 0 0 119 856">
    <p class='ocr_par' dir='ltr' id='par_1_1' title="bbox 0 0 119 856">
     <span class='ocr_line' id='line_1_1' title="bbox 0 0 119 856; baseline 0 0"><span class='ocrx_word' id='word_1_1' title='bbox 0 0 119 856; x_wconf 95' lang='lat' dir='ltr'> </span> 
     </span>
    </p>
   </div>
   <div class='ocr_carea' id='block_1_2' title="bbox 856 373 1663 410">
    <p class='ocr_par' dir='ltr' id='par_1_2' title="bbox 856 373 1663 410">
     <span class='ocr_line' id='line_1_2' title="bbox 856 373 1663 410; baseline 0.001 -4"><span class='ocrx_word' id='word_1_2' title='bbox 856 373 1044 407; x_wconf 77' lang='lat' dir='ltr'>NIGOLAI.</span> <span class='ocrx_word' id='word_1_3' title='bbox 1599 373 1663 410; x_wconf 74' lang='lat'>‘205</span> 
     </span>
    </p>
   </div>
   <div class='ocr_carea' id='block_1_3' title="bbox 242 463 1284 2015">
    <p class='ocr_par' dir='ltr' id='par_1_3' title="bbox 242 463 1284 2015">
     <span class='ocr_line' id='line_1_3' title="bbox 242 463 1156 532; baseline -0.003 -16"><span class='ocrx_word' id='word_1_4' title='bbox 242 466 339 518; x_wconf 87' lang='grc'>219</span> <span class='ocrx_word' id='word_1_5' title='bbox 603 468 687 515; x_wconf 88' lang='lat' dir='ltr'>Est</span> <span class='ocrx_word' id='word_1_6' title='bbox 710 465 855 532; x_wconf 84' lang='lat' dir='ltr'>igitur</span> <span class='ocrx_word' id='word_1_7' title='bbox 879 463 1156 514; x_wconf 87' lang='lat' dir='ltr'>admiranda</span> 
     </span>
     <span class='ocr_line' id='line_1_4' title="bbox 539 542 1017 610; baseline -0.002 -19"><span class='ocrx_word' id='word_1_8' title='bbox 539 543 587 591; x_wconf 91' lang='lat' dir='ltr'>in</span> <span class='ocrx_word' id='word_1_9' title='bbox 612 543 703 592; x_wconf 91' lang='lat' dir='ltr'>hoc</span> <span class='ocrx_word' id='word_1_10' title='bbox 726 543 810 592; x_wconf 92' lang='lat' dir='ltr'>Dei</span> <span class='ocrx_word' id='word_1_11' title='bbox 829 542 1017 610; x_wconf 83' lang='lat' dir='ltr'>justicia</span> 
     </span>
     <span class='ocr_line' id='line_1_5' title="bbox 540 619 1236 687; baseline -0.003 -16"><span class='ocrx_word' id='word_1_12' title='bbox 540 621 671 687; x_wconf 89' lang='lat' dir='ltr'>quod</span> <span class='ocrx_word' id='word_1_13' title='bbox 697 621 894 671; x_wconf 88' lang='lat' dir='ltr'>Gerardi</span> <span class='ocrx_word' id='word_1_14' title='bbox 919 627 1031 670; x_wconf 87' lang='lat' dir='ltr'>trux</span> <span class='ocrx_word' id='word_1_15' title='bbox 1056 619 1236 687; x_wconf 82' lang='lat' dir='ltr'>collega</span> 
     </span>
     <span class='ocr_line' id='line_1_6' title="bbox 540 698 1151 766; baseline 0 -18"><span class='ocrx_word' id='word_1_16' title='bbox 540 699 662 748; x_wconf 87' lang='lat' dir='ltr'>infra</span> <span class='ocrx_word' id='word_1_17' title='bbox 686 698 789 748; x_wconf 89' lang='lat' dir='ltr'>dies</span> <span class='ocrx_word' id='word_1_18' title='bbox 812 699 1151 766; x_wconf 82' lang='lat' dir='ltr'>quadraginta¹</span> 
     </span>
     <span class='ocr_line' id='line_1_7' title="bbox 244 776 1284 843; baseline -0.003 -14"><span class='ocrx_word' id='word_1_19' title='bbox 244 777 342 829; x_wconf 89' lang='grc'>220</span> <span class='ocrx_word' id='word_1_20' title='bbox 605 782 716 842; x_wconf 86' lang='lat' dir='ltr'>post</span> <span class='ocrx_word' id='word_1_21' title='bbox 740 777 873 827; x_wconf 91' lang='lat' dir='ltr'>illum</span> <span class='ocrx_word' id='word_1_22' title='bbox 897 777 979 843; x_wconf 91' lang='lat' dir='ltr'>qui</span> <span class='ocrx_word' id='word_1_23' title='bbox 1003 782 1076 827; x_wconf 82' lang='lat' dir='ltr'>est</span> <span class='ocrx_word' id='word_1_24' title='bbox 1101 776 1284 827; x_wconf 87' lang='lat' dir='ltr'>occisus</span> 
     </span>
     <span class='ocr_line' id='line_1_8' title="bbox 539 855 1106 906; baseline 0 -2"><span class='ocrx_word' id='word_1_25' title='bbox 539 855 722 905; x_wconf 87' lang='lat' dir='ltr'>occisus</span> <span class='ocrx_word' id='word_1_26' title='bbox 747 861 822 906; x_wconf 84' lang='lat' dir='ltr'>est</span> <span class='ocrx_word' id='word_1_27' title='bbox 845 860 894 905; x_wconf 82' lang='lat' dir='ltr'>et</span> <span class='ocrx_word' id='word_1_28' title='bbox 919 855 1064 905; x_wconf 91' lang='lat' dir='ltr'>Gilius</span> <span class='ocrx_word' id='word_1_29' title='bbox 1096 873 1106 904; x_wconf 93' lang='lat'><strong>:</strong></span> 
     </span>
     <span class='ocr_line' id='line_1_9' title="bbox 542 933 1185 999; baseline -0.002 -16"><span class='ocrx_word' id='word_1_30' title='bbox 542 950 665 999; x_wconf 92' lang='lat' dir='ltr'>quos</span> <span class='ocrx_word' id='word_1_31' title='bbox 690 950 830 999; x_wconf 88' lang='lat' dir='ltr'>pares</span> <span class='ocrx_word' id='word_1_32' title='bbox 855 933 904 983; x_wconf 89' lang='lat' dir='ltr'>in</span> <span class='ocrx_word' id='word_1_33' title='bbox 929 933 1185 984; x_wconf 82' lang='lat' dir='ltr'>sceleribus</span> 
     </span>
     <span class='ocr_line' id='line_1_10' title="bbox 542 1012 1222 1078; baseline 0 -18"><span class='ocrx_word' id='word_1_34' title='bbox 542 1028 739 1078; x_wconf 88' lang='lat' dir='ltr'>compar</span> <span class='ocrx_word' id='word_1_35' title='bbox 762 1012 1022 1078; x_wconf 84' lang='lat' dir='ltr'>prostravit</span> <span class='ocrx_word' id='word_1_36' title='bbox 1046 1012 1222 1061; x_wconf 84' lang='lat' dir='ltr'>obitus.</span> 
     </span>
     <span class='ocr_line' id='line_1_11' title="bbox 247 1089 1123 1140; baseline -0.001 -1"><span class='ocrx_word' id='word_1_37' title='bbox 247 1089 335 1140; x_wconf 90' lang='grc'><strong>221</strong></span> <span class='ocrx_word' id='word_1_38' title='bbox 608 1094 675 1140; x_wconf 86' lang='lat' dir='ltr'>Ita</span> <span class='ocrx_word' id='word_1_39' title='bbox 701 1090 824 1139; x_wconf 93' lang='lat' dir='ltr'>mori</span> <span class='ocrx_word' id='word_1_40' title='bbox 848 1094 1123 1140; x_wconf 84' lang='lat' dir='ltr'>meruerant</span> 
     </span>
     <span class='ocr_line' id='line_1_12' title="bbox 543 1166 1213 1231; baseline 0.001 -16"><span class='ocrx_word' id='word_1_41' title='bbox 543 1166 625 1231; x_wconf 89' lang='lat' dir='ltr'>qui</span> <span class='ocrx_word' id='word_1_42' title='bbox 649 1167 879 1218; x_wconf 87' lang='lat' dir='ltr'>adversus</span> <span class='ocrx_word' id='word_1_43' title='bbox 903 1168 986 1219; x_wconf 89' lang='lat' dir='ltr'>Dei</span> <span class='ocrx_word' id='word_1_44' title='bbox 1010 1173 1213 1217; x_wconf 85' lang='lat' dir='ltr'>matrem</span> 
     </span>
     <span class='ocr_line' id='line_1_13' title="bbox 544 1245 1153 1312; baseline 0.002 -18"><span class='ocrx_word' id='word_1_45' title='bbox 544 1250 592 1294; x_wconf 85' lang='lat' dir='ltr'>et</span> <span class='ocrx_word' id='word_1_46' title='bbox 613 1245 887 1296; x_wconf 87' lang='lat' dir='ltr'>Nicholaum</span> <span class='ocrx_word' id='word_1_47' title='bbox 910 1246 1153 1312; x_wconf 84' lang='lat' dir='ltr'>presulem</span> 
     </span>
     <span class='ocr_line' id='line_1_14' title="bbox 543 1323 1188 1390; baseline 0.002 -17"><span class='ocrx_word' id='word_1_48' title='bbox 543 1323 836 1374; x_wconf 78' lang='lat' dir='ltr'>incessanter</span> <span class='ocrx_word' id='word_1_49' title='bbox 859 1330 1188 1390; x_wconf 82' lang='lat' dir='ltr'>peccaverant.</span> 
     </span>
     <span class='ocr_line' id='line_1_15' title="bbox 249 1401 1208 1453; baseline -0.001 -1"><span class='ocrx_word' id='word_1_50' title='bbox 249 1401 347 1452; x_wconf 84' lang='grc'>222</span> <span class='ocrx_word' id='word_1_51' title='bbox 610 1406 708 1452; x_wconf 92' lang='lat' dir='ltr'>Hec</span> <span class='ocrx_word' id='word_1_52' title='bbox 731 1403 922 1453; x_wconf 81' lang='lat' dir='ltr'>fortuna</span> <span class='ocrx_word' id='word_1_53' title='bbox 945 1408 1076 1453; x_wconf 83' lang='lat' dir='ltr'>tanta</span> <span class='ocrx_word' id='word_1_54' title='bbox 1101 1403 1208 1452; x_wconf 84' lang='lat' dir='ltr'>talis</span> 
     </span>
     <span class='ocr_line' id='line_1_16' title="bbox 545 1480 1197 1546; baseline 0.002 -16"><span class='ocrx_word' id='word_1_55' title='bbox 545 1480 607 1531; x_wconf 90' lang='lat' dir='ltr'>ad</span> <span class='ocrx_word' id='word_1_56' title='bbox 630 1498 830 1546; x_wconf 83' lang='lat' dir='ltr'>presens</span> <span class='ocrx_word' id='word_1_57' title='bbox 853 1487 927 1531; x_wconf 83' lang='lat' dir='ltr'>est</span> <span class='ocrx_word' id='word_1_58' title='bbox 947 1481 1197 1531; x_wconf 87' lang='lat' dir='ltr'>laudabilis</span> 
     </span>
     <span class='ocr_line' id='line_1_17' title="bbox 546 1559 1200 1624; baseline 0 -15"><span class='ocrx_word' id='word_1_59' title='bbox 546 1559 662 1609; x_wconf 90' lang='lat' dir='ltr'>dum</span> <span class='ocrx_word' id='word_1_60' title='bbox 687 1560 937 1609; x_wconf 87' lang='lat' dir='ltr'>choruscat</span> <span class='ocrx_word' id='word_1_61' title='bbox 961 1560 1200 1624; x_wconf 87' lang='lat' dir='ltr'>miraculis</span> 
     </span>
     <span class='ocr_line' id='line_1_18' title="bbox 545 1637 1248 1704; baseline 0.001 -18"><span class='ocrx_word' id='word_1_62' title='bbox 545 1643 593 1686; x_wconf 83' lang='lat' dir='ltr'>et</span> <span class='ocrx_word' id='word_1_63' title='bbox 617 1643 832 1688; x_wconf 86' lang='lat' dir='ltr'>moratur</span> <span class='ocrx_word' id='word_1_64' title='bbox 856 1638 905 1687; x_wconf 90' lang='lat' dir='ltr'>in</span> <span class='ocrx_word' id='word_1_65' title='bbox 930 1637 1195 1704; x_wconf 86' lang='lat' dir='ltr'>prosperis.</span> <span class='ocrx_word' id='word_1_66' title='bbox 1244 1673 1248 1675; x_wconf 16' lang='grc' dir='ltr'>μ</span> 
     </span>
     <span class='ocr_line' id='line_1_19' title="bbox 251 1712 1235 1776; baseline 0 -12"><span class='ocrx_word' id='word_1_67' title='bbox 251 1712 348 1766; x_wconf 87' lang='grc'>223</span> <span class='ocrx_word' id='word_1_68' title='bbox 613 1718 740 1776; x_wconf 84' lang='lat' dir='ltr'>Quae</span> <span class='ocrx_word' id='word_1_69' title='bbox 762 1716 865 1765; x_wconf 91' lang='lat' dir='ltr'>heri</span> <span class='ocrx_word' id='word_1_70' title='bbox 891 1721 1021 1766; x_wconf 77' lang='lat' dir='ltr'>stans</span> <span class='ocrx_word' id='word_1_71' title='bbox 1047 1715 1235 1765; x_wconf 90' lang='lat' dir='ltr'>odibilis</span> 
     </span>
     <span class='ocr_line' id='line_1_20' title="bbox 548 1793 1112 1844; baseline 0 -2"><span class='ocrx_word' id='word_1_72' title='bbox 548 1798 596 1842; x_wconf 87' lang='lat' dir='ltr'>et</span> <span class='ocrx_word' id='word_1_73' title='bbox 621 1793 682 1843; x_wconf 90' lang='lat' dir='ltr'>de</span> <span class='ocrx_word' id='word_1_74' title='bbox 705 1811 863 1844; x_wconf 90' lang='lat' dir='ltr'>werra</span> <span class='ocrx_word' id='word_1_75' title='bbox 886 1793 1112 1843; x_wconf 85' lang='lat' dir='ltr'>terribilis</span> 
     </span>
     <span class='ocr_line' id='line_1_21' title="bbox 546 1870 1026 1931; baseline 0.004 -12"><span class='ocrx_word' id='word_1_76' title='bbox 546 1870 601 1919; x_wconf 83' lang='lat' dir='ltr'>fit</span> <span class='ocrx_word' id='word_1_77' title='bbox 624 1871 767 1920; x_wconf 91' lang='lat' dir='ltr'>hodie</span> <span class='ocrx_word' id='word_1_78' title='bbox 792 1871 1026 1931; x_wconf 86' lang='lat' dir='ltr'>amabilis,</span> 
     </span>
     <span class='ocr_line' id='line_1_22' title="bbox 549 1949 1050 2015; baseline 0.004 -17"><span class='ocrx_word' id='word_1_79' title='bbox 549 1949 744 2015; x_wconf 88' lang='lat' dir='ltr'>pacifica</span> <span class='ocrx_word' id='word_1_80' title='bbox 768 1954 816 1999; x_wconf 85' lang='lat' dir='ltr'>et</span> <span class='ocrx_word' id='word_1_81' title='bbox 840 1950 1050 2000; x_wconf 79' lang='lat' dir='ltr'>humilis,</span> 
     </span>
    </p>
   </div>
   <div class='ocr_carea' id='block_1_4' title="bbox 252 2075 1685 2906">
    <p class='ocr_par' dir='ltr' id='par_1_4' title="bbox 252 2075 1685 2906">
     <span class='ocr_line' id='line_1_23' title="bbox 252 2075 1674 2124; baseline -0.001 -12"><span class='ocrx_word' id='word_1_82' title='bbox 252 2077 352 2112; x_wconf 77' lang='lat' dir='ltr'>avoit</span> <span class='ocrx_word' id='word_1_83' title='bbox 371 2075 527 2123; x_wconf 75' lang='lat' dir='ltr'>rechups</span> <span class='ocrx_word' id='word_1_84' title='bbox 546 2087 592 2113; x_wconf 83' lang='lat' dir='ltr'>en</span> <span class='ocrx_word' id='word_1_85' title='bbox 609 2078 798 2124; x_wconf 78' lang='lat' dir='ltr'>plusieurs</span> <span class='ocrx_word' id='word_1_86' title='bbox 819 2078 989 2115; x_wconf 76' lang='lat' dir='ltr'>batailles</span> <span class='ocrx_word' id='word_1_87' title='bbox 1014 2081 1048 2114; x_wconf 82' lang='lat' dir='ltr'>et</span> <span class='ocrx_word' id='word_1_88' title='bbox 1073 2081 1215 2114; x_wconf 82' lang='lat' dir='ltr'>estours</span> <span class='ocrx_word' id='word_1_89' title='bbox 1241 2079 1290 2114; x_wconf 69' lang='lat' dir='ltr'>oa</span> <span class='ocrx_word' id='word_1_90' title='bbox 1318 2079 1348 2114; x_wconf 84' lang='lat' dir='ltr'>il</span> <span class='ocrx_word' id='word_1_91' title='bbox 1373 2075 1508 2113; x_wconf 76' lang='lat' dir='ltr'>s’estoit</span> <span class='ocrx_word' id='word_1_92' title='bbox 1537 2078 1674 2112; x_wconf 67' lang='lat' dir='ltr'>trouve.</span> 
     </span>
     <span class='ocr_line' id='line_1_24' title="bbox 254 2134 1678 2184; baseline -0.001 -11"><span class='ocrx_word' id='word_1_93' title='bbox 254 2135 363 2173; x_wconf 80' lang='lat' dir='ltr'>Cette</span> <span class='ocrx_word' id='word_1_94' title='bbox 378 2134 554 2174; x_wconf 76' lang='grc' dir='ltr'><strong>ἀοι-111818</strong></span> <span class='ocrx_word' id='word_1_95' title='bbox 574 2136 728 2174; x_wconf 87' lang='lat' dir='ltr'>version</span> <span class='ocrx_word' id='word_1_96' title='bbox 746 2137 829 2175; x_wconf 83' lang='lat' dir='ltr'>doit</span> <span class='ocrx_word' id='word_1_97' title='bbox 848 2137 1111 2175; x_wconf 78' lang='lat' dir='ltr'>evidemment</span> <span class='ocrx_word' id='word_1_98' title='bbox 1136 2139 1216 2175; x_wconf 77' lang='lat' dir='ltr'>etre</span> <span class='ocrx_word' id='word_1_99' title='bbox 1240 2136 1492 2175; x_wconf 77' lang='lat' dir='ltr'>abandonnee</span> <span class='ocrx_word' id='word_1_100' title='bbox 1517 2136 1567 2174; x_wconf 87' lang='lat' dir='ltr'>en</span> <span class='ocrx_word' id='word_1_101' title='bbox 1591 2136 1678 2184; x_wconf 73' lang='lat' dir='ltr'>pre-</span> 
     </span>
     <span class='ocr_line' id='line_1_25' title="bbox 254 2195 1680 2246; baseline -0.001 -13"><span class='ocrx_word' id='word_1_102' title='bbox 254 2206 370 2234; x_wconf 84' lang='lat' dir='ltr'>sence</span> <span class='ocrx_word' id='word_1_103' title='bbox 389 2195 437 2234; x_wconf 88' lang='lat' dir='ltr'>de</span> <span class='ocrx_word' id='word_1_104' title='bbox 455 2195 494 2234; x_wconf 85' lang='lat' dir='ltr'>la</span> <span class='ocrx_word' id='word_1_105' title='bbox 512 2197 662 2234; x_wconf 76' lang='lat' dir='ltr'>donnee</span> <span class='ocrx_word' id='word_1_106' title='bbox 682 2197 760 2234; x_wconf 77' lang='lat' dir='ltr'>tres</span> <span class='ocrx_word' id='word_1_107' title='bbox 780 2196 926 2246; x_wconf 79' lang='lat' dir='ltr'>precise</span> <span class='ocrx_word' id='word_1_108' title='bbox 946 2208 1020 2246; x_wconf 89' lang='lat' dir='ltr'>que</span> <span class='ocrx_word' id='word_1_109' title='bbox 1040 2208 1138 2235; x_wconf 89' lang='lat' dir='ltr'>nous</span> <span class='ocrx_word' id='word_1_110' title='bbox 1157 2207 1277 2235; x_wconf 86' lang='lat' dir='ltr'>avons</span> <span class='ocrx_word' id='word_1_111' title='bbox 1296 2196 1359 2234; x_wconf 91' lang='lat' dir='ltr'>ici.</span> <span class='ocrx_word' id='word_1_112' title='bbox 1384 2196 1506 2234; x_wconf 86' lang='lat' dir='ltr'>Gilles</span> <span class='ocrx_word' id='word_1_113' title='bbox 1519 2196 1566 2233; x_wconf 89' lang='lat' dir='ltr'>de</span> <span class='ocrx_word' id='word_1_114' title='bbox 1580 2195 1680 2233; x_wconf 84' lang='lat' dir='ltr'>Chin</span> 
     </span>
     <span class='ocr_line' id='line_1_26' title="bbox 253 2254 1678 2304; baseline 0 -12"><span class='ocrx_word' id='word_1_115' title='bbox 253 2259 410 2292; x_wconf 86' lang='lat' dir='ltr'>mourut</span> <span class='ocrx_word' id='word_1_116' title='bbox 428 2254 518 2292; x_wconf 86' lang='lat' dir='ltr'>bien</span> <span class='ocrx_word' id='word_1_117' title='bbox 539 2254 631 2292; x_wconf 86' lang='lat' dir='ltr'>d’un</span> <span class='ocrx_word' id='word_1_118' title='bbox 649 2266 748 2304; x_wconf 89' lang='lat' dir='ltr'>coup</span> <span class='ocrx_word' id='word_1_119' title='bbox 768 2255 953 2303; x_wconf 70' lang='grc'><strong>(18181188,</strong></span> <span class='ocrx_word' id='word_1_120' title='bbox 969 2267 1120 2294; x_wconf 87' lang='lat' dir='ltr'>comme</span> <span class='ocrx_word' id='word_1_121' title='bbox 1133 2256 1169 2294; x_wconf 87' lang='lat' dir='ltr'>le</span> <span class='ocrx_word' id='word_1_122' title='bbox 1184 2255 1242 2293; x_wconf 88' lang='lat' dir='ltr'>dit</span> <span class='ocrx_word' id='word_1_123' title='bbox 1255 2266 1326 2294; x_wconf 89' lang='lat' dir='ltr'>son</span> <span class='ocrx_word' id='word_1_124' title='bbox 1340 2255 1519 2304; x_wconf 73' lang='lat' dir='ltr'>epitaphe</span> <span class='ocrx_word' id='word_1_125' title='bbox 1542 2256 1678 2303; x_wconf 87' lang='lat' dir='ltr'>(comp.</span> 
     </span>
     <span class='ocr_line' id='line_1_27' title="bbox 255 2313 1682 2365; baseline -0.001 -13"><span class='ocrx_word' id='word_1_126' title='bbox 255 2313 293 2352; x_wconf 85' lang='lat' dir='ltr'>la</span> <span class='ocrx_word' id='word_1_127' title='bbox 311 2320 402 2353; x_wconf 75' lang='lat' dir='ltr'>note</span> <span class='ocrx_word' id='word_1_128' title='bbox 422 2315 629 2364; x_wconf 81' lang='lat' dir='ltr'>suivante);</span> <span class='ocrx_word' id='word_1_129' title='bbox 658 2315 894 2365; x_wconf 82' lang='lat' dir='ltr'>seulement,</span> <span class='ocrx_word' id='word_1_130' title='bbox 915 2316 1065 2365; x_wconf 75' lang='lat' dir='ltr'>d&#39;apres</span> <span class='ocrx_word' id='word_1_131' title='bbox 1085 2321 1195 2355; x_wconf 81' lang='lat' dir='ltr'>notre</span> <span class='ocrx_word' id='word_1_132' title='bbox 1214 2321 1350 2354; x_wconf 84' lang='lat' dir='ltr'>auteur</span> <span class='ocrx_word' id='word_1_133' title='bbox 1369 2315 1658 2364; x_wconf 84' lang='lat' dir='ltr'>contemporain</span> <span class='ocrx_word' id='word_1_134' title='bbox 1671 2343 1682 2363; x_wconf 86' lang='lat'>,</span> 
     </span>
     <span class='ocr_line' id='line_1_28' title="bbox 254 2373 1681 2427; baseline 0 -15"><span class='ocrx_word' id='word_1_135' title='bbox 254 2384 299 2412; x_wconf 87' lang='lat' dir='ltr'>ce</span> <span class='ocrx_word' id='word_1_136' title='bbox 317 2385 367 2412; x_wconf 89' lang='lat' dir='ltr'>ne</span> <span class='ocrx_word' id='word_1_137' title='bbox 386 2373 445 2412; x_wconf 83' lang='lat' dir='ltr'>fut</span> <span class='ocrx_word' id='word_1_138' title='bbox 463 2385 531 2423; x_wconf 86' lang='lat' dir='ltr'>pas</span> <span class='ocrx_word' id='word_1_139' title='bbox 549 2374 646 2413; x_wconf 85' lang='lat' dir='ltr'>dans</span> <span class='ocrx_word' id='word_1_140' title='bbox 675 2386 752 2414; x_wconf 87' lang='lat' dir='ltr'>une</span> <span class='ocrx_word' id='word_1_141' title='bbox 777 2375 955 2424; x_wconf 56' lang='lat' dir='ltr'>haitaina,</span> <span class='ocrx_word' id='word_1_142' title='bbox 986 2376 1086 2414; x_wconf 88' lang='lat' dir='ltr'>mais</span> <span class='ocrx_word' id='word_1_143' title='bbox 1115 2376 1212 2414; x_wconf 86' lang='lat' dir='ltr'>dans</span> <span class='ocrx_word' id='word_1_144' title='bbox 1241 2388 1295 2413; x_wconf 91' lang='lat' dir='ltr'>un</span> <span class='ocrx_word' id='word_1_145' title='bbox 1320 2376 1368 2413; x_wconf 90' lang='lat' dir='ltr'>de</span> <span class='ocrx_word' id='word_1_146' title='bbox 1398 2387 1462 2427; x_wconf 81' lang='lat' dir='ltr'>ces</span> <span class='ocrx_word' id='word_1_147' title='bbox 1489 2375 1681 2413; x_wconf 83' lang='lat' dir='ltr'>exercices</span> 
     </span>
     <span class='ocr_line' id='line_1_29' title="bbox 256 2434 1642 2485; baseline 0 -13"><span class='ocrx_word' id='word_1_148' title='bbox 256 2434 447 2482; x_wconf 83' lang='lat' dir='ltr'>guerriers</span> <span class='ocrx_word' id='word_1_149' title='bbox 466 2438 517 2473; x_wconf 80' lang='lat' dir='ltr'>ou</span> <span class='ocrx_word' id='word_1_150' title='bbox 536 2434 572 2473; x_wconf 88' lang='grc'>18</span> <span class='ocrx_word' id='word_1_151' title='bbox 590 2434 750 2474; x_wconf 84' lang='lat' dir='ltr'>vaillant</span> <span class='ocrx_word' id='word_1_152' title='bbox 769 2435 925 2485; x_wconf 84' lang='lat' dir='ltr'>paladin</span> <span class='ocrx_word' id='word_1_153' title='bbox 943 2437 1048 2475; x_wconf 79' lang='lat' dir='ltr'>avait</span> <span class='ocrx_word' id='word_1_154' title='bbox 1066 2436 1291 2475; x_wconf 79' lang='lat' dir='ltr'>moissonne</span> <span class='ocrx_word' id='word_1_155' title='bbox 1310 2440 1395 2474; x_wconf 82' lang='lat' dir='ltr'>tant</span> <span class='ocrx_word' id='word_1_156' title='bbox 1413 2436 1460 2473; x_wconf 90' lang='lat' dir='ltr'>de</span> <span class='ocrx_word' id='word_1_157' title='bbox 1479 2436 1642 2484; x_wconf 85' lang='lat' dir='ltr'>palmes.</span> 
     </span>
     <span class='ocr_line' id='line_1_30' title="bbox 304 2494 1683 2546; baseline 0.001 -15"><span class='ocrx_word' id='word_1_158' title='bbox 304 2494 338 2531; x_wconf 84' lang='lat'>1.</span> <span class='ocrx_word' id='word_1_159' title='bbox 367 2494 420 2532; x_wconf 87' lang='lat' dir='ltr'>Ge</span> <span class='ocrx_word' id='word_1_160' title='bbox 439 2494 557 2533; x_wconf 77' lang='lat' dir='ltr'>detail</span> <span class='ocrx_word' id='word_1_161' title='bbox 576 2495 767 2534; x_wconf 86' lang='lat' dir='ltr'>s’accorde</span> <span class='ocrx_word' id='word_1_162' title='bbox 786 2496 1058 2545; x_wconf 81' lang='lat' dir='ltr'>parfaitement</span> <span class='ocrx_word' id='word_1_163' title='bbox 1082 2508 1176 2535; x_wconf 82' lang='lat' dir='ltr'>avec</span> <span class='ocrx_word' id='word_1_164' title='bbox 1201 2508 1243 2535; x_wconf 86' lang='lat' dir='ltr'>ce</span> <span class='ocrx_word' id='word_1_165' title='bbox 1270 2497 1337 2546; x_wconf 84' lang='lat' dir='ltr'>qui</span> <span class='ocrx_word' id='word_1_166' title='bbox 1366 2501 1425 2534; x_wconf 82' lang='lat' dir='ltr'>est</span> <span class='ocrx_word' id='word_1_167' title='bbox 1449 2496 1505 2533; x_wconf 82' lang='lat' dir='ltr'>dit</span> <span class='ocrx_word' id='word_1_168' title='bbox 1529 2496 1626 2533; x_wconf 82' lang='lat' dir='ltr'>dans</span> <span class='ocrx_word' id='word_1_169' title='bbox 1646 2494 1683 2532; x_wconf 87' lang='lat' dir='ltr'>la</span> 
     </span>
     <span class='ocr_line' id='line_1_31' title="bbox 257 2554 1679 2605; baseline -0.002 -11"><span class='ocrx_word' id='word_1_170' title='bbox 257 2554 384 2594; x_wconf 85' lang='lat' dir='ltr'>vieille</span> <span class='ocrx_word' id='word_1_171' title='bbox 402 2555 582 2604; x_wconf 74' lang='lat' dir='ltr'>epitaphe</span> <span class='ocrx_word' id='word_1_172' title='bbox 601 2555 790 2602; x_wconf 77' lang='lat' dir='ltr'>francaise</span> <span class='ocrx_word' id='word_1_173' title='bbox 808 2557 939 2605; x_wconf 70' lang='lat' dir='ltr'>placeo</span> <span class='ocrx_word' id='word_1_174' title='bbox 960 2569 1026 2595; x_wconf 85' lang='lat' dir='ltr'>sur</span> <span class='ocrx_word' id='word_1_175' title='bbox 1045 2557 1081 2594; x_wconf 90' lang='grc'>18</span> <span class='ocrx_word' id='word_1_176' title='bbox 1099 2557 1281 2596; x_wconf 77' lang='lat' dir='ltr'>tombeau</span> <span class='ocrx_word' id='word_1_177' title='bbox 1298 2557 1346 2595; x_wconf 87' lang='lat' dir='ltr'>de</span> <span class='ocrx_word' id='word_1_178' title='bbox 1361 2556 1482 2594; x_wconf 86' lang='lat' dir='ltr'>Gilles</span> <span class='ocrx_word' id='word_1_179' title='bbox 1496 2555 1543 2593; x_wconf 89' lang='lat' dir='ltr'>de</span> <span class='ocrx_word' id='word_1_180' title='bbox 1558 2555 1679 2593; x_wconf 88' lang='lat' dir='ltr'>Chin:</span> 
     </span>
     <span class='ocr_line' id='line_1_32' title="bbox 256 2617 1683 2664; baseline -0.001 -12"><span class='ocrx_word' id='word_1_181' title='bbox 256 2617 346 2653; x_wconf 82' lang='lat' dir='ltr'>L&#39;an</span> <span class='ocrx_word' id='word_1_182' title='bbox 372 2618 442 2653; x_wconf 83' lang='lat' dir='ltr'>mil</span> <span class='ocrx_word' id='word_1_183' title='bbox 469 2620 550 2652; x_wconf 82' lang='lat' dir='ltr'>cent</span> <span class='ocrx_word' id='word_1_184' title='bbox 574 2620 608 2653; x_wconf 76' lang='lat' dir='ltr'>et</span> <span class='ocrx_word' id='word_1_185' title='bbox 632 2618 804 2662; x_wconf 87' lang='lat' dir='ltr'><em>XXXVII,</em></span> <span class='ocrx_word' id='word_1_186' title='bbox 832 2620 896 2664; x_wconf 62' lang='lat' dir='ltr'>i227&#39;0</span> <span class='ocrx_word' id='word_1_187' title='bbox 914 2621 1009 2664; x_wconf 80' lang='lat' dir='ltr'>jour</span> <span class='ocrx_word' id='word_1_188' title='bbox 1033 2619 1168 2655; x_wconf 85' lang='lat' dir='ltr'>devant</span> <span class='ocrx_word' id='word_1_189' title='bbox 1197 2621 1228 2655; x_wconf 84' lang='lat' dir='ltr'>le</span> <span class='ocrx_word' id='word_1_190' title='bbox 1257 2620 1468 2664; x_wconf 78' lang='lat' dir='ltr'>my-aoust,</span> <span class='ocrx_word' id='word_1_191' title='bbox 1499 2620 1683 2662; x_wconf 78' lang='lat' dir='ltr'>trespassa</span> 
     </span>
     <span class='ocr_line' id='line_1_33' title="bbox 256 2667 1683 2725; baseline -0.001 -13"><span class='ocrx_word' id='word_1_192' title='bbox 256 2678 407 2712; x_wconf 76' lang='lat' dir='ltr'>messire</span> <span class='ocrx_word' id='word_1_193' title='bbox 427 2669 598 2714; x_wconf 63' lang='lat' dir='ltr'>Gilles&#39;de</span> <span class='ocrx_word' id='word_1_194' title='bbox 618 2676 730 2719; x_wconf 73' lang='lat' dir='ltr'>chin,</span> <span class='ocrx_word' id='word_1_195' title='bbox 754 2679 792 2723; x_wconf 78' lang='lat' dir='ltr'>ly</span> <span class='ocrx_word' id='word_1_196' title='bbox 813 2678 916 2714; x_wconf 83' lang='lat' dir='ltr'>boins</span> <span class='ocrx_word' id='word_1_197' title='bbox 936 2678 1058 2720; x_wconf 80' lang='lat' dir='ltr'>chers,</span> <span class='ocrx_word' id='word_1_198' title='bbox 1079 2667 1153 2725; x_wconf 39' lang='lat' dir='ltr'>qui*</span> <span class='ocrx_word' id='word_1_199' title='bbox 1165 2679 1226 2724; x_wconf 79' lang='lat' dir='ltr'>fut</span> <span class='ocrx_word' id='word_1_200' title='bbox 1247 2681 1306 2714; x_wconf 66' lang='lat' dir='ltr'>tue</span> <span class='ocrx_word' id='word_1_201' title='bbox 1325 2679 1434 2714; x_wconf 80' lang='lat' dir='ltr'>d&#39;une</span> <span class='ocrx_word' id='word_1_202' title='bbox 1455 2679 1560 2713; x_wconf 82' lang='lat' dir='ltr'>lance</span> <span class='ocrx_word' id='word_1_203' title='bbox 1579 2679 1613 2712; x_wconf 84' lang='lat' dir='ltr'>et</span> <span class='ocrx_word' id='word_1_204' title='bbox 1632 2678 1683 2711; x_wconf 83' lang='lat' dir='ltr'>est</span> 
     </span>
     <span class='ocr_line' id='line_1_34' title="bbox 257 2733 1685 2785; baseline -0.001 -14"><span class='ocrx_word' id='word_1_205' title='bbox 257 2736 338 2771; x_wconf 77' lang='lat' dir='ltr'>eins</span> <span class='ocrx_word' id='word_1_206' title='bbox 357 2736 425 2781; x_wconf 81' lang='lat' dir='ltr'>qui</span> <span class='ocrx_word' id='word_1_207' title='bbox 444 2738 510 2771; x_wconf 88' lang='lat' dir='ltr'>tua</span> <span class='ocrx_word' id='word_1_208' title='bbox 531 2737 563 2772; x_wconf 82' lang='lat' dir='ltr'>le</span> <span class='ocrx_word' id='word_1_209' title='bbox 581 2739 724 2781; x_wconf 72' lang='lat' dir='ltr'>yayant</span> <span class='ocrx_word' id='word_1_210' title='bbox 743 2735 829 2785; x_wconf 75' lang='lat' dir='ltr'>(cite</span> <span class='ocrx_word' id='word_1_211' title='bbox 848 2747 916 2785; x_wconf 86' lang='lat' dir='ltr'>par</span> <span class='ocrx_word' id='word_1_212' title='bbox 936 2736 982 2774; x_wconf 89' lang='lat' dir='ltr'>de</span> <span class='ocrx_word' id='word_1_213' title='bbox 1003 2736 1250 2784; x_wconf 85' lang='lat' dir='ltr'>Reiffenberg</span> <span class='ocrx_word' id='word_1_214' title='bbox 1277 2736 1373 2773; x_wconf 87' lang='lat' dir='ltr'>dans</span> <span class='ocrx_word' id='word_1_215' title='bbox 1399 2733 1685 2773; x_wconf 86' lang='lat' dir='ltr'>l’introduction</span> 
     </span>
     <span class='ocr_line' id='line_1_35' title="bbox 259 2793 1685 2853; baseline 0 -21"><span class='ocrx_word' id='word_1_216' title='bbox 259 2805 309 2832; x_wconf 81' lang='lat' dir='ltr'>au</span> <span class='ocrx_word' id='word_1_217' title='bbox 328 2795 471 2832; x_wconf 83' lang='lat' dir='ltr'>Roman</span> <span class='ocrx_word' id='word_1_218' title='bbox 494 2795 537 2831; x_wconf 81' lang='lat' dir='ltr'>de</span> <span class='ocrx_word' id='word_1_219' title='bbox 557 2795 667 2833; x_wconf 77' lang='lat' dir='ltr'>Gilles</span> <span class='ocrx_word' id='word_1_220' title='bbox 692 2796 735 2832; x_wconf 83' lang='lat' dir='ltr'>de</span> <span class='ocrx_word' id='word_1_221' title='bbox 755 2796 869 2853; x_wconf 62' lang='lat' dir='ltr'>omne</span> <span class='ocrx_word' id='word_1_222' title='bbox 899 2808 936 2845; x_wconf 89' lang='lat' dir='ltr'>p.</span> <span class='ocrx_word' id='word_1_223' title='bbox 964 2796 1122 2846; x_wconf 83' lang='lat' dir='ltr'>xxxvij).</span> <span class='ocrx_word' id='word_1_224' title='bbox 1146 2797 1300 2834; x_wconf 72' lang='lat' dir='ltr'>‚Geram</span> <span class='ocrx_word' id='word_1_225' title='bbox 1325 2799 1444 2844; x_wconf 84' lang='lat' dir='ltr'>ayant</span> <span class='ocrx_word' id='word_1_226' title='bbox 1469 2794 1530 2832; x_wconf 73' lang='lat' dir='ltr'>ete</span> <span class='ocrx_word' id='word_1_227' title='bbox 1557 2794 1622 2832; x_wconf 77' lang='lat' dir='ltr'>tue</span> <span class='ocrx_word' id='word_1_228' title='bbox 1650 2793 1685 2832; x_wconf 88' lang='grc'>18</span> 
     </span>
     <span class='ocr_line' id='line_1_36' title="bbox 259 2853 1679 2906; baseline -0.001 -14"><span class='ocrx_word' id='word_1_229' title='bbox 259 2854 282 2892; x_wconf 87' lang='grc'><strong>6</strong></span> <span class='ocrx_word' id='word_1_230' title='bbox 297 2853 425 2902; x_wconf 77' lang='lat' dir='ltr'>juillet.</span> <span class='ocrx_word' id='word_1_231' title='bbox 443 2854 534 2891; x_wconf 86' lang='lat'><strong>1137</strong></span> <span class='ocrx_word' id='word_1_232' title='bbox 555 2855 693 2903; x_wconf 82' lang='lat' dir='ltr'>(comp.</span> <span class='ocrx_word' id='word_1_233' title='bbox 715 2854 802 2904; x_wconf 87' lang='lat' dir='ltr'>plus</span> <span class='ocrx_word' id='word_1_234' title='bbox 820 2856 915 2894; x_wconf 80' lang='lat' dir='ltr'>haut</span> <span class='ocrx_word' id='word_1_235' title='bbox 935 2869 972 2906; x_wconf 92' lang='lat' dir='ltr'>p.</span> <span class='ocrx_word' id='word_1_236' title='bbox 995 2856 1078 2905; x_wconf 80' lang='lat'><strong>197,</strong></span> <span class='ocrx_word' id='word_1_237' title='bbox 1105 2867 1145 2895; x_wconf 92' lang='lat' dir='ltr'>n.</span> <span class='ocrx_word' id='word_1_238' title='bbox 1170 2857 1227 2904; x_wconf 87' lang='lat'>3),</span> <span class='ocrx_word' id='word_1_239' title='bbox 1248 2867 1292 2894; x_wconf 86' lang='lat' dir='ltr'>ce</span> <span class='ocrx_word' id='word_1_240' title='bbox 1318 2856 1376 2893; x_wconf 83' lang='lat' dir='ltr'>fut</span> <span class='ocrx_word' id='word_1_241' title='bbox 1401 2855 1492 2893; x_wconf 88' lang='lat' dir='ltr'>bien</span> <span class='ocrx_word' id='word_1_242' title='bbox 1518 2854 1679 2892; x_wconf 89' lang='lat' dir='ltr'>environ</span> 
     </span>
    </p>
   </div>
   <div class='ocr_carea' id='block_1_5' title="bbox 259 2914 1687 3013">
    <p class='ocr_par' dir='ltr' id='par_1_5' title="bbox 259 2914 1687 3013">
     <span class='ocr_line' id='line_1_37' title="bbox 259 2914 1687 2965; baseline 0 -14"><span class='ocrx_word' id='word_1_243' title='bbox 259 2918 446 2962; x_wconf 82' lang='lat' dir='ltr'>quarante</span> <span class='ocrx_word' id='word_1_244' title='bbox 461 2914 567 2963; x_wconf 87' lang='lat' dir='ltr'>jours</span> <span class='ocrx_word' id='word_1_245' title='bbox 586 2915 696 2963; x_wconf 81' lang='lat' dir='ltr'>apres</span> <span class='ocrx_word' id='word_1_246' title='bbox 716 2927 792 2965; x_wconf 88' lang='lat' dir='ltr'>que</span> <span class='ocrx_word' id='word_1_247' title='bbox 810 2916 909 2963; x_wconf 72' lang='lat' dir='ltr'>perit</span> <span class='ocrx_word' id='word_1_248' title='bbox 928 2927 999 2954; x_wconf 89' lang='lat' dir='ltr'>son</span> <span class='ocrx_word' id='word_1_249' title='bbox 1018 2927 1259 2964; x_wconf 85' lang='lat' dir='ltr'>compagnon</span> <span class='ocrx_word' id='word_1_250' title='bbox 1277 2915 1456 2963; x_wconf 85' lang='lat' dir='ltr'>d’armes‚</span> <span class='ocrx_word' id='word_1_251' title='bbox 1479 2915 1514 2953; x_wconf 91' lang='grc'>18</span> <span class='ocrx_word' id='word_1_252' title='bbox 1536 2914 1581 2952; x_wconf 72' lang='lat'>12</span> <span class='ocrx_word' id='word_1_253' title='bbox 1594 2917 1687 2953; x_wconf 75' lang='lat' dir='ltr'>aout</span> 
     </span>
     <span class='ocr_line' id='line_1_38' title="bbox 262 2973 669 3013; baseline 0 -1"><span class='ocrx_word' id='word_1_254' title='bbox 262 2973 310 3012; x_wconf 89' lang='lat' dir='ltr'>de</span> <span class='ocrx_word' id='word_1_255' title='bbox 330 2973 368 3012; x_wconf 81' lang='lat' dir='ltr'>la</span> <span class='ocrx_word' id='word_1_256' title='bbox 387 2976 513 3012; x_wconf 73' lang='lat' dir='ltr'>meme</span> <span class='ocrx_word' id='word_1_257' title='bbox 533 2977 669 3013; x_wconf 74' lang='lat' dir='ltr'>annee.</span> 
     </span>
    </p>
   </div>
  </div>
 </body>
</html>
