<?xml version="1.0" encoding="UTF-8"?>
<!DOCTYPE html PUBLIC "-//W3C//DTD XHTML 1.0 Transitional//EN"
    "http://www.w3.org/TR/xhtml1/DTD/xhtml1-transitional.dtd">
<html xmlns="http://www.w3.org/1999/xhtml" xml:lang="en" lang="en">
 <head>
  <title>
</title>
<meta http-equiv="Content-Type" content="text/html;charset=utf-8" />
  <meta name='ocr-system' content='tesseract 3.04.00' />
  <meta name='ocr-capabilities' content='ocr_page ocr_carea ocr_par ocr_line ocrx_word'/>
</head>
<body>
  <div class='ocr_page' id='page_1' title='image "./gestapontificumc00cambuoft_0061.png"; bbox 0 0 2092 3490; ppageno 0'>
   <div class='ocr_carea' id='block_1_1' title="bbox 0 572 15 934">
    <p class='ocr_par' dir='ltr' id='par_1_1' title="bbox 0 572 15 934">
     <span class='ocr_line' id='line_1_1' title="bbox 0 572 15 934; textangle 90"><span class='ocrx_word' id='word_1_1' title='bbox 10 931 11 934; x_wconf 62' lang='lat'><em>„</em></span> <span class='ocrx_word' id='word_1_2' title='bbox 0 698 15 889; x_wconf 37' lang='lat' dir='ltr'><strong>*ww-⁴3*-</strong></span> <span class='ocrx_word' id='word_1_3' title='bbox 0 572 6 659; x_wconf 62' lang='lat'><strong>&#39;“¹</strong></span> 
     </span>
    </p>
   </div>
   <div class='ocr_carea' id='block_1_2' title="bbox 291 631 343 678">
    <p class='ocr_par' dir='ltr' id='par_1_2' title="bbox 291 631 343 678">
     <span class='ocr_line' id='line_1_2' title="bbox 291 631 343 678; baseline 0.019 -1"><span class='ocrx_word' id='word_1_4' title='bbox 291 631 343 678; x_wconf 71' lang='lat'><strong>5⁴</strong></span> 
     </span>
    </p>
   </div>
   <div class='ocr_carea' id='block_1_3' title="bbox 291 943 354 993">
    <p class='ocr_par' dir='ltr' id='par_1_3' title="bbox 291 943 354 993">
     <span class='ocr_line' id='line_1_3' title="bbox 291 943 354 993; baseline 0.063 -4"><span class='ocrx_word' id='word_1_5' title='bbox 291 943 354 993; x_wconf 75' lang='lat'><strong>52</strong></span> 
     </span>
    </p>
   </div>
   <div class='ocr_carea' id='block_1_4' title="bbox 288 1254 350 1301">
    <p class='ocr_par' dir='ltr' id='par_1_4' title="bbox 288 1254 350 1301">
     <span class='ocr_line' id='line_1_4' title="bbox 288 1254 350 1301; baseline 0.016 -1"><span class='ocrx_word' id='word_1_6' title='bbox 288 1254 350 1301; x_wconf 80' lang='lat'><strong>53</strong></span> 
     </span>
    </p>
   </div>
   <div class='ocr_carea' id='block_1_5' title="bbox 286 1564 349 1614">
    <p class='ocr_par' dir='ltr' id='par_1_5' title="bbox 286 1564 349 1614">
     <span class='ocr_line' id='line_1_5' title="bbox 286 1564 349 1614; baseline 0.032 -2"><span class='ocrx_word' id='word_1_7' title='bbox 286 1564 349 1614; x_wconf 72' lang='lat'><strong>54</strong></span> 
     </span>
    </p>
   </div>
   <div class='ocr_carea' id='block_1_6' title="bbox 284 1878 348 1924">
    <p class='ocr_par' dir='ltr' id='par_1_6' title="bbox 284 1878 348 1924">
     <span class='ocr_line' id='line_1_6' title="bbox 284 1878 348 1924; baseline 0 0"><span class='ocrx_word' id='word_1_8' title='bbox 284 1878 348 1924; x_wconf 80' lang='lat'><strong>55</strong></span> 
     </span>
    </p>
   </div>
   <div class='ocr_carea' id='block_1_7' title="bbox 284 2191 346 2238">
    <p class='ocr_par' dir='ltr' id='par_1_7' title="bbox 284 2191 346 2238">
     <span class='ocr_line' id='line_1_7' title="bbox 284 2191 346 2238; baseline -0.016 0"><span class='ocrx_word' id='word_1_9' title='bbox 284 2191 346 2238; x_wconf 80' lang='lat'><strong>56</strong></span> 
     </span>
    </p>
   </div>
   <div class='ocr_carea' id='block_1_8' title="bbox 281 2503 343 2550">
    <p class='ocr_par' dir='ltr' id='par_1_8' title="bbox 281 2503 343 2550">
     <span class='ocr_line' id='line_1_8' title="bbox 281 2503 343 2550; baseline 0.016 -1"><span class='ocrx_word' id='word_1_10' title='bbox 281 2503 343 2550; x_wconf 81' lang='lat'><strong>57</strong></span> 
     </span>
    </p>
   </div>
   <div class='ocr_carea' id='block_1_9' title="bbox 246 2709 1668 2828">
    <p class='ocr_par' dir='ltr' id='par_1_9' title="bbox 246 2709 1668 2828">
     <span class='ocr_line' id='line_1_9' title="bbox 296 2709 1668 2770; baseline 0.011 -25"><span class='ocrx_word' id='word_1_11' title='bbox 296 2709 329 2745; x_wconf 69' lang='lat'><strong>1.</strong></span> <span class='ocrx_word' id='word_1_12' title='bbox 355 2710 540 2750; x_wconf 72' lang='lat' dir='ltr'><strong>Anseuus.</strong></span> <span class='ocrx_word' id='word_1_13' title='bbox 562 2713 618 2751; x_wconf 88' lang='lat' dir='ltr'><strong>Le</strong></span> <span class='ocrx_word' id='word_1_14' title='bbox 637 2716 764 2753; x_wconf 74' lang='lat' dir='ltr'><strong>meme</strong></span> <span class='ocrx_word' id='word_1_15' title='bbox 783 2716 1074 2764; x_wconf 82' lang='lat' dir='ltr'><strong>prohablement</strong></span> <span class='ocrx_word' id='word_1_16' title='bbox 1093 2731 1167 2768; x_wconf 88' lang='lat' dir='ltr'><strong>que</strong></span> <span class='ocrx_word' id='word_1_17' title='bbox 1187 2720 1286 2758; x_wconf 87' lang='lat' dir='ltr'><strong>celui</strong></span> <span class='ocrx_word' id='word_1_18' title='bbox 1307 2721 1401 2758; x_wconf 88' lang='lat' dir='ltr'><strong>dont</strong></span> <span class='ocrx_word' id='word_1_19' title='bbox 1426 2721 1452 2758; x_wconf 79' lang='lat' dir='ltr'><strong>il</strong></span> <span class='ocrx_word' id='word_1_20' title='bbox 1477 2727 1536 2759; x_wconf 84' lang='lat' dir='ltr'><strong>est</strong></span> <span class='ocrx_word' id='word_1_21' title='bbox 1563 2723 1668 2770; x_wconf 76' lang='lat' dir='ltr'><strong>parle</strong></span> 
     </span>
     <span class='ocr_line' id='line_1_10' title="bbox 246 2767 1662 2828; baseline 0.011 -24"><span class='ocrx_word' id='word_1_22' title='bbox 246 2767 332 2815; x_wconf 87' lang='lat' dir='ltr'><strong>plus</strong></span> <span class='ocrx_word' id='word_1_23' title='bbox 351 2768 433 2818; x_wconf 77' lang='lat' dir='ltr'><strong>bas,</strong></span> <span class='ocrx_word' id='word_1_24' title='bbox 453 2775 521 2810; x_wconf 81' lang='lat' dir='ltr'><strong>str.</strong></span> <span class='ocrx_word' id='word_1_25' title='bbox 545 2773 721 2823; x_wconf 84' lang='lat'>473-477‚</span> <span class='ocrx_word' id='word_1_26' title='bbox 743 2779 782 2812; x_wconf 87' lang='lat' dir='ltr'><strong>et</strong></span> <span class='ocrx_word' id='word_1_27' title='bbox 800 2775 895 2814; x_wconf 87' lang='lat' dir='ltr'><strong>dans</strong></span> <span class='ocrx_word' id='word_1_28' title='bbox 916 2777 953 2815; x_wconf 84' lang='lat' dir='ltr'><strong>la</strong></span> <span class='ocrx_word' id='word_1_29' title='bbox 973 2778 1136 2816; x_wconf 85' lang='lat' dir='ltr'><strong>seconde</strong></span> <span class='ocrx_word' id='word_1_30' title='bbox 1157 2779 1224 2818; x_wconf 90' lang='lat' dir='ltr'><strong>Vie</strong></span> <span class='ocrx_word' id='word_1_31' title='bbox 1239 2780 1286 2818; x_wconf 90' lang='lat' dir='ltr'><strong>de</strong></span> <span class='ocrx_word' id='word_1_32' title='bbox 1301 2780 1513 2828; x_wconf 86' lang='lat' dir='ltr'><strong>Burchard‚</strong></span> <span class='ocrx_word' id='word_1_33' title='bbox 1536 2786 1602 2819; x_wconf 85' lang='lat' dir='ltr'><strong>str.</strong></span> <span class='ocrx_word' id='word_1_34' title='bbox 1621 2782 1662 2819; x_wconf 82' lang='lat'><strong>51</strong></span> 
     </span>
    </p>
   </div>
   <div class='ocr_carea' id='block_1_10' title="bbox 245 2828 364 2866">
    <p class='ocr_par' dir='ltr' id='par_1_10' title="bbox 245 2828 364 2866">
     <span class='ocr_line' id='line_1_11' title="bbox 245 2828 364 2866; baseline 0.017 -2"><span class='ocrx_word' id='word_1_35' title='bbox 245 2832 286 2865; x_wconf 85' lang='lat' dir='ltr'><strong>et</strong></span> <span class='ocrx_word' id='word_1_36' title='bbox 305 2828 364 2866; x_wconf 88' lang='lat'><strong>54.</strong></span> 
     </span>
    </p>
   </div>
   <div class='ocr_carea' id='block_1_11' title="bbox 858 313 1081 348">
    <p class='ocr_par' dir='ltr' id='par_1_11' title="bbox 858 313 1081 348">
     <span class='ocr_line' id='line_1_12' title="bbox 858 313 1081 348; baseline 0.009 -2"><span class='ocrx_word' id='word_1_37' title='bbox 858 313 1081 348; x_wconf 71' lang='lat' dir='ltr'><strong>GALGHERL</strong></span> 
     </span>
    </p>
   </div>
   <div class='ocr_carea' id='block_1_12' title="bbox 541 399 1322 2647">
    <p class='ocr_par' dir='ltr' id='par_1_12' title="bbox 552 399 1132 625">
     <span class='ocr_line' id='line_1_13' title="bbox 552 399 1082 464; baseline 0.013 -18"><span class='ocrx_word' id='word_1_38' title='bbox 552 399 695 464; x_wconf 71' lang='lat' dir='ltr'><strong>ponit,</strong></span> <span class='ocrx_word' id='word_1_39' title='bbox 710 400 824 450; x_wconf 87' lang='lat' dir='ltr'><strong>illud</strong></span> <span class='ocrx_word' id='word_1_40' title='bbox 850 402 1082 453; x_wconf 85' lang='lat' dir='ltr'><strong>nefarium</strong></span> 
     </span>
     <span class='ocr_line' id='line_1_14' title="bbox 552 476 1132 541; baseline 0.014 -17"><span class='ocrx_word' id='word_1_41' title='bbox 552 476 660 541; x_wconf 91' lang='lat' dir='ltr'><strong>quia</strong></span> <span class='ocrx_word' id='word_1_42' title='bbox 682 480 893 528; x_wconf 86' lang='lat' dir='ltr'><strong>Manasse</strong></span> <span class='ocrx_word' id='word_1_43' title='bbox 918 480 1132 531; x_wconf 82' lang='lat' dir='ltr'><strong>deditum</strong></span> 
     </span>
     <span class='ocr_line' id='line_1_15' title="bbox 552 558 1111 625; baseline 0.014 -23"><span class='ocrx_word' id='word_1_44' title='bbox 552 571 647 603; x_wconf 90' lang='lat' dir='ltr'><strong>non</strong></span> <span class='ocrx_word' id='word_1_45' title='bbox 672 561 775 605; x_wconf 86' lang='lat' dir='ltr'><strong>erat</strong></span> <span class='ocrx_word' id='word_1_46' title='bbox 800 558 1111 625; x_wconf 88' lang='lat' dir='ltr'><strong>episcopium.</strong></span> 
     </span>
    </p>

    <p class='ocr_par' dir='ltr' id='par_1_13' title="bbox 551 632 1280 934">
     <span class='ocr_line' id='line_1_16' title="bbox 615 632 1280 704; baseline 0.012 -23"><span class='ocrx_word' id='word_1_47' title='bbox 615 632 784 684; x_wconf 89' lang='lat' dir='ltr'><strong>Dicunt</strong></span> <span class='ocrx_word' id='word_1_48' title='bbox 805 637 1039 700; x_wconf 87' lang='lat' dir='ltr'><strong>quosdam</strong></span> <span class='ocrx_word' id='word_1_49' title='bbox 1063 639 1280 704; x_wconf 83' lang='lat' dir='ltr'><strong>epistola,</strong></span> 
     </span>
     <span class='ocr_line' id='line_1_17' title="bbox 551 711 1275 775; baseline 0.014 -17"><span class='ocrx_word' id='word_1_50' title='bbox 551 711 785 775; x_wconf 90' lang='lat' dir='ltr'><strong>quosdam</strong></span> <span class='ocrx_word' id='word_1_51' title='bbox 809 714 1059 764; x_wconf 82' lang='lat' dir='ltr'><strong>mandasse</strong></span> <span class='ocrx_word' id='word_1_52' title='bbox 1078 718 1275 767; x_wconf 85' lang='lat' dir='ltr'><strong>vernula</strong></span> 
     </span>
     <span class='ocr_line' id='line_1_18' title="bbox 552 788 1054 858; baseline 0.012 -22"><span class='ocrx_word' id='word_1_53' title='bbox 552 805 612 837; x_wconf 93' lang='lat' dir='ltr'><strong>ne</strong></span> <span class='ocrx_word' id='word_1_54' title='bbox 637 788 726 838; x_wconf 91' lang='lat' dir='ltr'><strong>sibi</strong></span> <span class='ocrx_word' id='word_1_55' title='bbox 751 791 878 858; x_wconf 88' lang='lat' dir='ltr'><strong>regis</strong></span> <span class='ocrx_word' id='word_1_56' title='bbox 902 793 1054 858; x_wconf 86' lang='lat' dir='ltr'><strong>gratia</strong></span> 
     </span>
     <span class='ocr_line' id='line_1_19' title="bbox 551 866 1014 934; baseline 0.009 -19"><span class='ocrx_word' id='word_1_57' title='bbox 551 866 689 917; x_wconf 90' lang='lat' dir='ltr'><strong>daret</strong></span> <span class='ocrx_word' id='word_1_58' title='bbox 714 869 1014 934; x_wconf 89' lang='lat' dir='ltr'><strong>episcopalia.</strong></span> 
     </span>
    </p>

    <p class='ocr_par' dir='ltr' id='par_1_14' title="bbox 547 945 1322 1246">
     <span class='ocr_line' id='line_1_20' title="bbox 618 945 1262 1000; baseline 0.011 -7"><span class='ocrx_word' id='word_1_59' title='bbox 618 945 828 995; x_wconf 81' lang='lat' dir='ltr'><strong>Clamant</strong></span> <span class='ocrx_word' id='word_1_60' title='bbox 853 947 981 996; x_wconf 86' lang='lat' dir='ltr'><strong>cives</strong></span> <span class='ocrx_word' id='word_1_61' title='bbox 1006 947 1228 999; x_wconf 88' lang='lat' dir='ltr'><strong>ferociter</strong></span> <span class='ocrx_word' id='word_1_62' title='bbox 1252 969 1262 1000; x_wconf 73' lang='grc' dir='ltr'>ε</span> 
     </span>
     <span class='ocr_line' id='line_1_21' title="bbox 556 1021 1082 1076; baseline 0.01 -6"><span class='ocrx_word' id='word_1_63' title='bbox 556 1021 797 1072; x_wconf 75' lang='lat' dir='ltr'><strong>Tractetur</strong></span> <span class='ocrx_word' id='word_1_64' title='bbox 821 1025 903 1074; x_wconf 82' lang='lat' dir='ltr'><strong>ille</strong></span> <span class='ocrx_word' id='word_1_65' title='bbox 924 1026 1082 1076; x_wconf 82' lang='lat' dir='ltr'><strong>viliter</strong></span> 
     </span>
     <span class='ocr_line' id='line_1_22' title="bbox 550 1101 1322 1169; baseline 0.009 -21"><span class='ocrx_word' id='word_1_66' title='bbox 550 1101 818 1166; x_wconf 74' lang='lat' dir='ltr'><strong><em>quicumque</em></strong></span> <span class='ocrx_word' id='word_1_67' title='bbox 843 1101 948 1152; x_wconf 79' lang='lat' dir='ltr'><strong>hinc</strong></span> <span class='ocrx_word' id='word_1_68' title='bbox 973 1111 1210 1169; x_wconf 74' lang='lat' dir='ltr'><strong>suspectus</strong></span> <span class='ocrx_word' id='word_1_69' title='bbox 1236 1113 1322 1165; x_wconf 76' lang='lat' dir='ltr'><strong>est,</strong></span> 
     </span>
     <span class='ocr_line' id='line_1_23' title="bbox 547 1178 1217 1246; baseline 0.01 -21"><span class='ocrx_word' id='word_1_70' title='bbox 547 1178 591 1226; x_wconf 80' lang='lat' dir='ltr'><strong>si</strong></span> <span class='ocrx_word' id='word_1_71' title='bbox 611 1195 699 1227; x_wconf 82' lang='lat' dir='ltr'><strong>non</strong></span> <span class='ocrx_word' id='word_1_72' title='bbox 725 1196 808 1244; x_wconf 80' lang='lat' dir='ltr'><strong>per</strong></span> <span class='ocrx_word' id='word_1_73' title='bbox 833 1196 970 1230; x_wconf 76' lang='lat' dir='ltr'><strong>sacra</strong></span> <span class='ocrx_word' id='word_1_74' title='bbox 988 1182 1217 1246; x_wconf 78' lang='lat' dir='ltr'><strong>prohibet.</strong></span> 
     </span>
    </p>

    <p class='ocr_par' dir='ltr' id='par_1_15' title="bbox 548 1257 1290 1556">
     <span class='ocr_line' id='line_1_24' title="bbox 614 1257 1151 1323; baseline 0.009 -19"><span class='ocrx_word' id='word_1_75' title='bbox 614 1259 680 1304; x_wconf 92' lang='lat' dir='ltr'><strong>De</strong></span> <span class='ocrx_word' id='word_1_76' title='bbox 704 1257 778 1306; x_wconf 92' lang='lat' dir='ltr'><strong>his</strong></span> <span class='ocrx_word' id='word_1_77' title='bbox 803 1258 1151 1323; x_wconf 85' lang='lat' dir='ltr'><strong>suspicionibus</strong></span> 
     </span>
     <span class='ocr_line' id='line_1_25' title="bbox 548 1336 1290 1402; baseline 0.011 -21"><span class='ocrx_word' id='word_1_78' title='bbox 548 1349 600 1382; x_wconf 88' lang='lat' dir='ltr'><strong>se</strong></span> <span class='ocrx_word' id='word_1_79' title='bbox 621 1340 796 1401; x_wconf 84' lang='lat' dir='ltr'><strong>purgat</strong></span> <span class='ocrx_word' id='word_1_80' title='bbox 820 1336 1021 1402; x_wconf 90' lang='lat' dir='ltr'><strong>quisque</strong></span> <span class='ocrx_word' id='word_1_81' title='bbox 1046 1339 1290 1398; x_wconf 81' lang='lat' dir='ltr'><strong>conscius;</strong></span> 
     </span>
     <span class='ocr_line' id='line_1_26' title="bbox 548 1412 1235 1479; baseline 0.01 -20"><span class='ocrx_word' id='word_1_82' title='bbox 548 1412 787 1462; x_wconf 85' lang='lat' dir='ltr'><strong>Ansellus¹</strong></span> <span class='ocrx_word' id='word_1_83' title='bbox 817 1414 1012 1479; x_wconf 89' lang='lat' dir='ltr'><strong>quidam</strong></span> <span class='ocrx_word' id='word_1_84' title='bbox 1036 1416 1235 1466; x_wconf 83' lang='lat' dir='ltr'><strong>clericus</strong></span> 
     </span>
     <span class='ocr_line' id='line_1_27' title="bbox 548 1489 1256 1556; baseline 0.011 -19"><span class='ocrx_word' id='word_1_85' title='bbox 548 1505 643 1538; x_wconf 92' lang='lat' dir='ltr'><strong>non</strong></span> <span class='ocrx_word' id='word_1_86' title='bbox 660 1489 807 1556; x_wconf 88' lang='lat' dir='ltr'><strong>jurat,</strong></span> <span class='ocrx_word' id='word_1_87' title='bbox 836 1492 995 1542; x_wconf 87' lang='lat' dir='ltr'><strong>forsan</strong></span> <span class='ocrx_word' id='word_1_88' title='bbox 1022 1495 1256 1545; x_wconf 86' lang='lat' dir='ltr'><strong>conscius.</strong></span> 
     </span>
    </p>

    <p class='ocr_par' dir='ltr' id='par_1_16' title="bbox 546 1570 1157 1856">
     <span class='ocr_line' id='line_1_28' title="bbox 612 1570 1045 1635; baseline 0.012 -19"><span class='ocrx_word' id='word_1_89' title='bbox 612 1570 681 1616; x_wconf 87' lang='lat' dir='ltr'><strong>Ita</strong></span> <span class='ocrx_word' id='word_1_90' title='bbox 706 1585 823 1635; x_wconf 83' lang='lat' dir='ltr'><strong>ergo</strong></span> <span class='ocrx_word' id='word_1_91' title='bbox 849 1571 1045 1620; x_wconf 87' lang='lat' dir='ltr'><strong>ecclesia</strong></span> 
     </span>
     <span class='ocr_line' id='line_1_29' title="bbox 547 1644 1141 1700; baseline 0.012 -7"><span class='ocrx_word' id='word_1_92' title='bbox 547 1644 701 1695; x_wconf 89' lang='lat' dir='ltr'><strong>adhuc</strong></span> <span class='ocrx_word' id='word_1_93' title='bbox 724 1663 975 1698; x_wconf 84' lang='lat' dir='ltr'><strong>remanens</strong></span> <span class='ocrx_word' id='word_1_94' title='bbox 997 1650 1141 1700; x_wconf 89' lang='lat' dir='ltr'><strong>vidua</strong></span> 
     </span>
     <span class='ocr_line' id='line_1_30' title="bbox 546 1722 1052 1792; baseline 0.014 -22"><span class='ocrx_word' id='word_1_95' title='bbox 546 1722 670 1772; x_wconf 85' lang='lat' dir='ltr'><strong>inter</strong></span> <span class='ocrx_word' id='word_1_96' title='bbox 694 1724 872 1775; x_wconf 87' lang='lat' dir='ltr'><strong>divisos</strong></span> <span class='ocrx_word' id='word_1_97' title='bbox 896 1728 1052 1792; x_wconf 83' lang='lat' dir='ltr'><strong>posita</strong></span> 
     </span>
     <span class='ocr_line' id='line_1_31' title="bbox 546 1801 1157 1856; baseline 0.013 -8"><span class='ocrx_word' id='word_1_98' title='bbox 546 1801 759 1850; x_wconf 90' lang='lat' dir='ltr'><strong>nondum</strong></span> <span class='ocrx_word' id='word_1_99' title='bbox 780 1804 923 1854; x_wconf 88' lang='lat' dir='ltr'><strong>habet</strong></span> <span class='ocrx_word' id='word_1_100' title='bbox 947 1807 1157 1856; x_wconf 88' lang='lat' dir='ltr'><strong>consilia.</strong></span> 
     </span>
    </p>

    <p class='ocr_par' dir='ltr' id='par_1_17' title="bbox 544 1882 1181 2167">
     <span class='ocr_line' id='line_1_32' title="bbox 579 1882 1181 1949; baseline 0.012 -22"><span class='ocrx_word' id='word_1_101' title='bbox 579 1910 581 1913; x_wconf 81' lang='lat'><em>.</em></span> <span class='ocrx_word' id='word_1_102' title='bbox 611 1882 717 1944; x_wconf 90' lang='lat' dir='ltr'><strong>Ipsa</strong></span> <span class='ocrx_word' id='word_1_103' title='bbox 741 1897 850 1930; x_wconf 89' lang='lat' dir='ltr'><strong>cum</strong></span> <span class='ocrx_word' id='word_1_104' title='bbox 874 1884 1003 1932; x_wconf 89' lang='lat' dir='ltr'><strong>omni</strong></span> <span class='ocrx_word' id='word_1_105' title='bbox 1027 1885 1181 1949; x_wconf 83' lang='lat' dir='ltr'><strong>patria</strong></span> 
     </span>
     <span class='ocr_line' id='line_1_33' title="bbox 544 1957 1076 2012; baseline 0.015 -8"><span class='ocrx_word' id='word_1_106' title='bbox 544 1957 734 2007; x_wconf 84' lang='lat' dir='ltr'><strong>turbata</strong></span> <span class='ocrx_word' id='word_1_107' title='bbox 759 1966 831 2009; x_wconf 85' lang='lat' dir='ltr'><strong>est</strong></span> <span class='ocrx_word' id='word_1_108' title='bbox 855 1967 908 2010; x_wconf 89' lang='lat' dir='ltr'><strong>ut</strong></span> <span class='ocrx_word' id='word_1_109' title='bbox 932 1962 1076 2012; x_wconf 84' lang='lat' dir='ltr'><strong>vidua</strong></span> 
     </span>
     <span class='ocr_line' id='line_1_34' title="bbox 544 2037 1130 2102; baseline 0.014 -20"><span class='ocrx_word' id='word_1_110' title='bbox 544 2051 632 2084; x_wconf 90' lang='lat' dir='ltr'><strong>nec</strong></span> <span class='ocrx_word' id='word_1_111' title='bbox 656 2041 729 2084; x_wconf 87' lang='lat' dir='ltr'><strong>est</strong></span> <span class='ocrx_word' id='word_1_112' title='bbox 753 2037 834 2102; x_wconf 90' lang='lat' dir='ltr'><strong>qui</strong></span> <span class='ocrx_word' id='word_1_113' title='bbox 859 2038 942 2088; x_wconf 84' lang='lat' dir='ltr'><strong>det</strong></span> <span class='ocrx_word' id='word_1_114' title='bbox 966 2040 1130 2090; x_wconf 84' lang='lat' dir='ltr'><strong>solatia</strong></span> 
     </span>
     <span class='ocr_line' id='line_1_35' title="bbox 545 2113 1042 2167; baseline 0.012 -6"><span class='ocrx_word' id='word_1_115' title='bbox 545 2113 728 2163; x_wconf 84' lang='lat' dir='ltr'><strong>sedenti</strong></span> <span class='ocrx_word' id='word_1_116' title='bbox 753 2115 802 2163; x_wconf 90' lang='lat' dir='ltr'><strong>in</strong></span> <span class='ocrx_word' id='word_1_117' title='bbox 827 2116 1042 2167; x_wconf 83' lang='lat' dir='ltr'><strong>tristicia.</strong></span> 
     </span>
    </p>

    <p class='ocr_par' dir='ltr' id='par_1_18' title="bbox 542 2191 1182 2480">
     <span class='ocr_line' id='line_1_36' title="bbox 610 2191 1109 2246; baseline 0.012 -6"><span class='ocrx_word' id='word_1_118' title='bbox 610 2191 677 2240; x_wconf 91' lang='lat' dir='ltr'><strong>Illi</strong></span> <span class='ocrx_word' id='word_1_119' title='bbox 703 2193 879 2243; x_wconf 92' lang='lat' dir='ltr'><strong>etenim</strong></span> <span class='ocrx_word' id='word_1_120' title='bbox 903 2196 1109 2246; x_wconf 89' lang='lat' dir='ltr'><strong>maxime</strong></span> 
     </span>
     <span class='ocr_line' id='line_1_37' title="bbox 543 2272 1182 2335; baseline 0.011 -17"><span class='ocrx_word' id='word_1_121' title='bbox 543 2286 665 2335; x_wconf 91' lang='lat' dir='ltr'><strong>quos</strong></span> <span class='ocrx_word' id='word_1_122' title='bbox 689 2272 890 2321; x_wconf 84' lang='lat' dir='ltr'><strong>nutrivit</strong></span> <span class='ocrx_word' id='word_1_123' title='bbox 913 2274 1182 2325; x_wconf 87' lang='lat' dir='ltr'><strong>dulcissime</strong></span> 
     </span>
     <span class='ocr_line' id='line_1_38' title="bbox 542 2346 1070 2401; baseline 0.013 -7"><span class='ocrx_word' id='word_1_124' title='bbox 542 2346 759 2397; x_wconf 88' lang='lat' dir='ltr'><strong>laborant</strong></span> <span class='ocrx_word' id='word_1_125' title='bbox 782 2366 888 2399; x_wconf 88' lang='lat' dir='ltr'><strong>eam</strong></span> <span class='ocrx_word' id='word_1_126' title='bbox 912 2351 1070 2401; x_wconf 86' lang='lat' dir='ltr'><strong>ledere</strong></span> 
     </span>
     <span class='ocr_line' id='line_1_39' title="bbox 542 2426 1139 2480; baseline 0.012 -7"><span class='ocrx_word' id='word_1_127' title='bbox 542 2430 591 2474; x_wconf 85' lang='lat' dir='ltr'><strong>et</strong></span> <span class='ocrx_word' id='word_1_128' title='bbox 614 2426 808 2476; x_wconf 90' lang='lat' dir='ltr'><strong>omnino</strong></span> <span class='ocrx_word' id='word_1_129' title='bbox 833 2429 1139 2480; x_wconf 88' lang='lat' dir='ltr'><strong>confundere.</strong></span> 
     </span>
    </p>

    <p class='ocr_par' dir='ltr' id='par_1_19' title="bbox 541 2505 1265 2647">
     <span class='ocr_line' id='line_1_40' title="bbox 606 2505 1265 2576; baseline 0.015 -25"><span class='ocrx_word' id='word_1_130' title='bbox 606 2505 697 2552; x_wconf 87' lang='lat' dir='ltr'><strong>Lac</strong></span> <span class='ocrx_word' id='word_1_131' title='bbox 722 2521 860 2555; x_wconf 91' lang='lat' dir='ltr'><strong>suum</strong></span> <span class='ocrx_word' id='word_1_132' title='bbox 886 2524 1052 2559; x_wconf 90' lang='lat' dir='ltr'><strong>omnes</strong></span> <span class='ocrx_word' id='word_1_133' title='bbox 1072 2510 1265 2576; x_wconf 86' lang='lat' dir='ltr'><strong>capiunt</strong></span> 
     </span>
     <span class='ocr_line' id='line_1_41' title="bbox 541 2581 1154 2647; baseline 0.015 -19"><span class='ocrx_word' id='word_1_134' title='bbox 541 2585 590 2629; x_wconf 86' lang='lat' dir='ltr'><strong>et</strong></span> <span class='ocrx_word' id='word_1_135' title='bbox 610 2581 705 2630; x_wconf 90' lang='lat' dir='ltr'><strong>mel</strong></span> <span class='ocrx_word' id='word_1_136' title='bbox 730 2583 818 2632; x_wconf 89' lang='lat' dir='ltr'><strong>sibi</strong></span> <span class='ocrx_word' id='word_1_137' title='bbox 845 2584 1154 2647; x_wconf 86' lang='lat' dir='ltr'><strong>distribuunt,</strong></span> 
     </span>
    </p>
   </div>
  </div>
 </body>
</html>
