2092 3490
467 362 530 395 232
1099 354 1236 389 GESTA
1255 347 1258 351 '

760 452 808 495 et
833 447 900 495 sic
922 448 1071 493 Deum
1095 443 1391 502 Inhonorant‚

761 523 828 572 sic
853 522 993 570 etiam
1019 521 1241 568 vilificant

759 615 1036 665 quecunque
1061 601 1157 647 Deo
1181 597 1435 663 pertinent.

653 759 733 803 De
764 757 907 801 bello
940 755 1067 799 ante
1100 755 1486 799 Crevichorum
1516 754 1678 800 facto.

466 893 560 942 403
822 893 1007 940 Stantes
1031 895 1138 938 ante
1166 889 1499 939 Crevichorum

756 968 870 1016 viris
895 968 975 1031 qui
1000 967 1252 1016 servabant
1276 983 1385 1016 eum

756 1062 844 1110 per
867 1061 1011 1111 grave
1035 1044 1377 1110 turpiloquium

758 1122 1105 1171 comminantur
1129 1122 1455 1186 suspendium.

466 1201 560 1250 404
822 1187 953 1249 Intus
977 1200 1102 1248 enim
1125 1199 1422 1249 manentibus

758 1277 1038 1342 promittunt
1062 1277 1167 1324 altis
1191 1276 1386 1326 vocibus

758 1355 825 1404 sic
849 1354 951 1403 fieri
976 1354 1035 1403 de
1060 1354 1279 1403 omnibus

759 1433 877 1481 sicut
903 1432 962 1480 de
988 1431 1328 1496 proditoribus.

466 1510 560 1558 405
822 1509 973 1559 Credo
998 1509 1126 1574 quod
1152 1515 1320 1559 nocent
1343 1510 1557 1559 homines

756 1591 911 1634 tantae
935 1585 1287 1634 maledictiones

758 1668 806 1712 et
829 1669 901 1730 tot
924 1663 1109 1728 linguae
1134 1663 1355 1712 facientes

756 1740 987 1805 superbas
1011 1740 1412 1789 comminationes.

463 1817 558 1866 406
822 1817 972 1866 Credo
997 1816 1143 1881 quod,
1173 1817 1292 1865 sicut
1316 1817 1501 1883 legitur,

755 1900 861 1943 ante
887 1911 1046 1943 casum
1071 1911 1154 1943 cor
1176 1894 1347 1943 letatur
1377 1913 1387 1942 ε

752 1988 864 2019 nam
888 1971 1011 2020 risus
1036 1972 1115 2035 qui
1140 1971 1436 2036 pretenditur

754 2048 845 2096 cito
871 2049 918 2096 in
943 2049 1106 2098 fletum
1130 2049 1347 2097 vertitur.

461 2124 556 2173 407
818 2126 952 2176 Venit
979 2142 1182 2190 namque
1207 2128 1381 2192 Symon
1409 2142 1521 2175 suus

751 2203 961 2251 mortalis
986 2203 1286 2252 adversarius

752 2285 940 2328 centum
965 2280 1063 2328 fere
1088 2280 1314 2328 militibus

752 2373 912 2405 secum
937 2356 1341 2404 advenientibus1.

508 2499 540 2534 1.
563 2497 743 2534 Lambert
758 2496 803 2534 de
817 2496 1013 2534 Watrelos
1033 2496 1198 2534 attribue
1220 2502 1304 2534 tout
1322 2496 1356 2533 le
1377 2497 1506 2533 succes
1526 2495 1571 2532 de
1592 2500 1689 2533 cette
1705 2495 1864 2544 joui-nee

459 2567 532 2592 aux
554 2561 706 2604 troupes
726 2556 772 2593 de
792 2567 944 2594 secours
969 2556 1158 2605 envoyees
1185 2568 1252 2604 par
1277 2556 1311 2593 le
1337 2560 1461 2593 comte
1486 2555 1532 2592 de
1551 2554 1726 2592 Flandre.
1755 2555 1865 2592 Nun-

459 2619 599 2651 cialum
619 2620 668 2651 esc
689 2616 836 2653 Simoni
854 2618 1069 2667 castellam,
1094 2614 1220 2662 dit-il,
1241 2627 1264 2651 a
1284 2617 1506 2661 quibusdam
1526 2617 1758 2651 communiae
1771 2625 1864 2660 pro-

457 2678 601 2720 qressz's.
637 2677 708 2720 Qui
739 2687 824 2711 moa·
853 2678 914 2711 sui
945 2677 994 2711 ad
1030 2677 1220 2711 auoeilium
1258 2676 1472 2711 Michaelem
1510 2676 1652 2711 comitis
1688 2675 1863 2710 Flandrie

457 2736 692 2779 siqniferum,
716 2738 782 2780 qui
801 2737 878 2771 illis
899 2738 940 2770 in
958 2736 1084 2770 diebus
1103 2736 1204 2780 apud
1217 2735 1386 2771 Solusam
1404 2735 1636 2779 morabatur,
1659 2744 1743 2770 cum
1762 2735 1862 2769 mili-

459 2795 554 2829 tibus
583 2796 660 2830 suis
688 2796 895 2836 accersivit,
927 2795 969 2829 de
998 2796 1221 2839 arroqantia
1254 2794 1415 2830 hostium
1451 2795 1650 2834 inscruaeit,
1684 2795 1861 2828 secretum

457 2853 680 2888 nunciatum
699 2854 733 2888 ei
751 2855 936 2889 revelavit.
958 2854 1080 2898 Iyitur
1099 2855 1158 2889 vir
1176 2855 1350 2899 prudens,
1374 2855 1492 2888 armis
1512 2853 1697 2893 eruditus,
1727 2854 1859 2887 cuncta
