2092 3490
500 349 539 382 52
1133 348 1269 382 GESTA

788 437 997 503 ejusdem
1022 437 1390 503 consanguineus

787 515 985 580 presulis
1011 519 1058 562 et
1081 514 1155 562 vir
1178 514 1333 580 ligius.

497 593 591 641 295
853 591 944 640 Sed
968 596 1124 639 tamen
1150 591 1238 639 sibi
1262 591 1460 656 proinde

787 668 935 717 noluit
959 667 1118 732 presul
1143 684 1354 732 parcere,

785 745 904 792 hanc
926 750 1103 793 terram
1126 744 1289 793 volens
1313 745 1500 793 mittere

784 827 833 869 et
856 822 957 886 paci
984 826 1031 870 et
1055 821 1348 870 concordiae.

494 899 588 948 296
849 898 965 947 Illud
991 898 1163 947 etenim
1187 898 1425 947 castellum

784 976 844 1025 ad
869 976 1127 1040 dampnum
1152 982 1253 1024 erat
1277 976 1487 1025 omnium

782 1052 1065 1101 rusticorum
1091 1058 1137 1101 et
1162 1053 1333 1101 civium

783 1129 870 1177 sibi
896 1129 1375 1178 circummanentium.

493 1206 587 1255 297
848 1205 936 1255 Ubi
960 1206 1138 1254 tamdiu
1160 1205 1364 1270 perstitit

782 1287 830 1330 et
853 1287 949 1330 tam
974 1283 1111 1348 longe
1136 1283 1428 1347 pernoctavit

782 1359 931 1408 donec
955 1359 1019 1407 illi
1044 1359 1280 1426 subjugari

781 1441 829 1484 et
853 1436 924 1484 vis
950 1441 997 1484 et
1020 1437 1166 1485 fames
1190 1436 1359 1502 arguit.

490 1514 585 1563 298
846 1513 980 1572 Quod
1004 1514 1051 1561 vi
1077 1520 1123 1563 et
1147 1514 1267 1562 fame
1293 1513 1529 1562 redditum

781 1591 1038 1655 prostravit
1060 1591 1119 1639 ad
1143 1597 1320 1639 terram
1344 1596 1521 1648 totum;

780 1667 928 1732 captis
954 1667 1083 1716 dedit
1106 1668 1352 1716 arbitrium

779 1743 966 1792 vivendi
995 1750 1191 1809 propter
1215 1745 1481 1793 Dominum.

489 1819 582 1868 299
844 1821 1102 1869 Prostravit
1125 1821 1218 1870 duo
1244 1822 1346 1869 alia.

779 1898 938 1961 presul
963 1898 1213 1948 Galcherus
1239 1897 1429 1963 oppida,

779 1976 1021 2041 Buzegniis
1047 1982 1094 2024 et
1117 1976 1307 2024 Buzeias

778 2053 1082 2115 pecuniarum
1104 2053 1278 2101 lancea.

490 2130 581 2175 300
843 2130 1080 2178 Destruxit
1105 2129 1229 2177 enim
1254 2129 1411 2177 omnia

777 2220 904 2262 rura,
934 2221 1065 2253 casas
1088 2211 1135 2252 et
1159 2205 1334 2269 oppida

776 2280 883 2328 huic
907 2286 1062 2329 terrae
1087 2282 1301 2329 nocentia

776 2362 857 2405 aut
880 2374 967 2422 per
991 2358 1087 2405 vim
1113 2363 1190 2406 aut
1215 2374 1302 2422 per
1326 2373 1536 2405 munera.

489 2435 571 2481 304
840 2434 994 2483 Placet
1018 2435 1217 2484 multum
1242 2435 1492 2499 episcopus

777 2516 824 2559 et
848 2512 1029 2577 magnis
1054 2517 1101 2559 et
1125 2511 1384 2560 minoribus

775 2588 834 2637 de
859 2594 930 2637 tot
954 2595 1217 2638 castrorum
1242 2589 1426 2637 casibus

485 2714 522 2752 la
549 2716 762 2763 seigneurie
789 2717 1001 2755 d'Avesnes
1029 2718 1122 2755 dont
1153 2718 1180 2755 il
1207 2723 1314 2766 porta
1342 2717 1475 2766 depuis
1503 2717 1538 2754 le
1566 2727 1656 2754 nom
1688 2715 1881 2765 (Balduin.

483 2772 645 2821 Avesn.,
677 2785 714 2822 p.
748 2775 829 2812 291.
851 2775 1047 2824 —Comp.
1081 2776 1282 2814 Gislebert.
1316 2776 1451 2823 Mont.‚
1486 2788 1522 2824 p.
1557 2776 1642 2822 501;
1676 2774 1877 2820 Michaux‚

485 2830 616 2868 Chron.
641 2834 724 2870 hist.
747 2836 805 2871 des
825 2836 1011 2880 seiqneurs
1030 2835 1244 2879 d’Asvesnes,
1268 2846 1302 2883 p.
1328 2836 1370 2871 17
1393 2835 1504 2883 sqq.).
