2092 3490
519 356 576 389 116
979 336 982 338 ’
1148 354 1285 409 casn

516 462 544 494 a
584 445 674 494 Deo
720 446 1036 493 denuntiamus
1075 450 1358 505 vestramque
1397 443 1679 491 dilectionem
1721 443 1916 492 dulciter

513 537 835 572 commonemus
861 527 911 568 ut
938 522 987 568 in
1018 520 1174 568 diebus
1198 521 1363 567 vestris
1387 519 1574 568 Domino
1600 521 1846 568 servientes
1871 527 1916 568 et

511 600 757 648 catholicae
784 598 1028 646 aecclesiae
1051 603 1219 645 statum
1238 598 1530 655 sustinentes,
1552 612 1712 645 sacras
1735 603 1914 647 sancto—

510 693 612 724 rum
629 682 815 740 patrum
839 675 1092 739 sequamini
1117 674 1402 722 traditiones.
1432 673 1524 722 Nos
1546 689 1651 722 vero
1671 689 1792 722 more
1805 690 1914 738 pre-

509 754 792 801 decessorum
816 758 1070 800 nostrorum
1094 751 1218 799 vobis
1234 753 1351 815 jura
1374 758 1529 799 vestra
1552 751 1739 815 beniqne
1758 751 1914 800 reddi-

507 846 608 878 mus
637 835 900 893 vestrasque
935 830 1176 877 canonicas
1208 828 1553 877 consuetudines
1578 828 1718 892 plane
1759 843 1914 877 conce-

508 906 657 954 dimus
696 912 740 954 et
777 906 859 954 sub
895 905 1179 954 anathemate
1220 906 1554 968 confirmamus.
1599 905 1912 954 Promittimus

507 984 644 1031 etiam
663 983 968 1047 paternaliter
991 999 1069 1031 vos
1096 989 1295 1031 tractare
1325 989 1368 1030 et
1397 997 1550 1030 amare
1581 993 1742 1046 resque
1770 981 1912 1030 eccle-

505 1061 740 1118 siasticas,
768 1066 906 1124 prout
930 1059 1052 1108 Deus
1083 1060 1343 1117 donaverit,
1377 1059 1567 1108 libenter
1598 1065 1906 1123 auqmentare.

506 1137 645 1202 Cujus
687 1137 1011 1201 promissionis
1054 1136 1247 1185 donaria
1288 1153 1378 1200 pro
1422 1135 1682 1184 ordinanda
1729 1135 1909 1184 ratione

506 1213 691 1262 decrevi
729 1214 1022 1262 manifestare
1056 1214 1103 1261 in
1139 1219 1352 1262 extremo
1388 1212 1637 1262 dictamine
1674 1211 1910 1277 presentis

504 1290 738 1355 hystoriae
769 1309 778 1338 ε
814 1291 974 1355 presul
1006 1296 1162 1339 autem
1193 1289 1253 1338 ad
1279 1289 1408 1354 quod
1433 1289 1670 1338 interdum
1695 1289 1909 1338 laborare

503 1367 682 1426 nititur,
713 1373 989 1416 conservato
1015 1367 1181 1416 ordine
1206 1384 1314 1416 ecce
1339 1367 1756 1416 demonstrabitur.

566 1448 619 1490 4.
657 1448 839 1493 Intrans
870 1445 995 1493 enim
1025 1444 1290 1509 pontificale
1321 1445 1573 1509 palacium,
1612 1444 1671 1493 de
1701 1443 1908 1509 propriis

500 1521 877 1586 possessionibus
902 1522 968 1570 sic
994 1521 1171 1570 invenit
1196 1537 1396 1570 vacuum
1421 1521 1548 1585 quod
1575 1537 1683 1570 cum
1707 1520 1903 1578 clericis,

501 1614 608 1646 cum
645 1598 892 1657 militibus,
922 1615 1030 1647 cum
1061 1598 1246 1646 famulis
1280 1598 1343 1646 ita
1379 1598 1540 1646 vivere
1571 1614 1666 1646 non
1699 1602 1901 1662 poterat,

500 1675 619 1724 sicut
632 1675 738 1741 jure
759 1680 806 1723 et
827 1675 1163 1724 consuetudine
1182 1675 1571 1740 predecessorum
1590 1675 1750 1724 vivere
1769 1674 1906 1725 dece-

499 1752 579 1800 bat
591 1752 882 1817 episcopum.
897 1756 1024 1810 Jura,
1045 1752 1213 1801 domus
1225 1757 1273 1801 et
1288 1753 1609 1817 possessiones
1626 1768 1718 1816 que
1732 1751 1842 1810 sint,
1858 1757 1905 1801 et
1930 1818 1934 1820 Α

499 1829 737 1893 quomodo
763 1829 919 1878 omnia
944 1830 1167 1878 collocata
1192 1829 1468 1888 consistant,
1498 1829 1658 1893 presul
1682 1828 1904 1878 sollicitus

496 1905 761 1971 investigat,
781 1907 889 1971 quia
908 1906 1130 1956 distracta
1142 1913 1189 1956 et
1201 1907 1412 1971 dispersa
1425 1906 1683 1955 reformare
1699 1911 1747 1955 et
1754 1907 1904 1955 recol-

495 1982 637 2048 ligere
657 1983 703 2031 in
725 2000 809 2032 sua
828 1985 1085 2033 sacratione
1101 1985 1400 2049 promiserat.
1424 1984 1501 2033 Sui
1515 2000 1716 2048 namque
1734 1984 1904 2049 prede-

496 2075 707 2108 cessores
726 2060 951 2126 episcopi,
970 2061 1045 2110 alii
1063 2079 1149 2126 per
1168 2062 1421 2120 levitatem,
1442 2061 1517 2109 alii
1530 2078 1617 2126 per
1630 2060 1898 2120 amicitiam,

494 2136 569 2184 alii
584 2154 672 2201 per
687 2138 1028 2196 necessitatem,
1049 2139 1135 2187 hec
1153 2144 1200 2187 et
1219 2139 1294 2187 illa
1320 2138 1625 2197 donaverant,
1645 2138 1731 2187 hec
1755 2143 1802 2186 et
1826 2138 1901 2186 illa

493 2212 817 2271 vendiderant,
835 2218 881 2261 et
890 2213 1114 2278 pleraque
1127 2214 1213 2262 alia
1224 2215 1271 2262 in
1283 2214 1603 2263 vadimonium
1612 2219 1868 2281 posuerant
1886 2232 1896 2262 ε

494 2289 625 2337 villas
642 2289 832 2348 scilicet,
853 2289 1233 2349 dominicaturas,
1257 2291 1414 2349 silvas,
1441 2308 1586 2355 aquas
1607 2290 1895 2355 piscatorias,

493 2371 644 2415 terras
669 2366 890 2425 arabiles,
920 2372 1191 2431 ceterasque
1217 2368 1560 2431 possessiones,
1590 2384 1706 2431 quas
1731 2367 1899 2432 injuste

492 2449 834 2507 occupaverant
859 2444 1001 2492 casati
1026 2445 1383 2494 Cameracenses
1417 2449 1465 2492 et
1490 2443 1683 2508 quidam
1707 2443 1893 2493 milites.

491 2521 709 2568 Ceterum
743 2520 964 2584 quicquid
998 2521 1246 2585 episcopus
1277 2522 1337 2570 ad
1369 2537 1579 2569 mensam
1613 2536 1745 2569 suam
1773 2520 1897 2586 juste

492 2596 772 2660 pertinuisse
798 2597 974 2655 didicit,
1003 2598 1251 2646 auxiliante
1270 2601 1366 2646 Deo
1385 2614 1445 2646 ex
1464 2597 1624 2647 curiali
1637 2595 1813 2662 judicio
1837 2595 1896 2644 ad

491 2690 541 2721 se
565 2674 761 2722 retraxit
787 2680 834 2723 et
857 2674 1021 2723 tenuit.
1051 2675 1313 2724 Molendina
1337 2691 1452 2723 vero
1477 2681 1618 2739 atque
1636 2674 1889 2731 teloneum,

491 2766 610 2813 quae
634 2751 786 2815 posita
811 2751 994 2800 fuerant
1018 2751 1065 2799 in
1085 2751 1420 2809 vadimonium,
1450 2751 1615 2800 videns
1641 2749 1769 2814 quod
1795 2749 1892 2798 sine

489 2827 778 2876 redemtione
804 2845 897 2876 non
917 2829 1091 2877 valeret
1110 2828 1353 2887 rehabere,
1383 2828 1701 2893 prestantibus
1725 2842 1893 2892 argen-
