2092 3490
849 342 1030 377 NICOLAI.
1592 344 1649 377 177

525 440 573 485 et
597 432 1019 484 consuetudinibus

523 517 666 578 atque
689 510 1072 578 possessionibus

523 596 577 640 ut
601 590 792 639 fuerunt
817 588 1096 655 antiquitus,

261 672 326 723 27
591 668 714 718 sicut
737 666 976 718 Gerardus
1000 667 1193 716 ultimus

518 746 619 813 jam
643 745 851 795 tenuisse
875 744 1048 794 dicitur

524 830 573 873 et
597 823 719 873 sicut
739 823 883 872 certis
910 823 1113 874 testibus

524 901 634 951 hinc
657 901 833 950 veritas
857 900 1146 967 agnoscitur.

263 982 327 1032 28
591 978 835 1029 Presulatu
861 977 929 1026 sic
954 983 1149 1043 accepto

527 1058 575 1106 in
600 1056 777 1106 cesaris
800 1055 975 1121 palatio

526 1135 781 1186 astantium
805 1133 1049 1200 processio

526 1230 700 1280 magno
723 1211 922 1262 resultat
946 1210 1136 1278 gaudio.

425 1378 508 1422 De
539 1376 856 1431 receptione
890 1376 1036 1429 apud
1070 1374 1466 1419 cameracum1.

267 1528 331 1578 29
596 1524 794 1586 Quando
817 1530 975 1574 autem
1000 1523 1254 1589 episcopus

528 1604 576 1653 in
600 1603 703 1653 istis
727 1602 854 1652 redit
878 1602 1111 1668 partibus,

528 1681 672 1748 longe
697 1681 757 1730 ab
783 1680 902 1729 urbe
928 1679 1134 1745 populus

531 1760 618 1810 sibi
645 1758 793 1809 exivit
816 1758 1004 1807 obvius.

273 1841 333 1888 30
598 1837 684 1899 Qui
710 1837 757 1886 in
785 1853 869 1885 sua
894 1835 1135 1902 presentia

531 1917 691 1965 ferunt
715 1931 875 1964 ramos
901 1920 948 1963 et
972 1914 1099 1970 folia,

532 1994 763 2044 extollunt
786 1992 981 2042 laudum
1007 1992 1216 2041 carmina

534 2072 635 2139 ejus
659 2070 829 2120 honori
852 2087 1080 2137 congrua.

274 2153 326 2200 31
599 2151 708 2198 Mox
734 2148 847 2198 cleri
871 2147 1163 2196 universitas

533 2232 582 2276 et
605 2227 786 2276 ordinis
810 2225 1050 2276 humilitas

534 2305 693 2363 honor,
719 2306 867 2354 virtus
891 2311 936 2354 et
953 2309 1160 2370 potestas

536 2383 596 2433 ad
618 2382 785 2433 laudes
809 2387 983 2432 canunt
1008 2381 1211 2439 debitas,

276 2464 337 2515 32
603 2467 652 2511 et
681 2461 742 2510 Te
764 2461 911 2510 Deum
934 2461 983 2509 in
1009 2458 1232 2509 cathedra

536 2538 617 2588 tali
640 2543 830 2588 cantant
850 2539 998 2588 letitia

536 2616 688 2682 qualis
709 2616 811 2667 visa
835 2617 911 2666 vel
936 2616 1097 2667 audita

290 2749 324 2786 1.
351 2748 453 2787 Tout
472 2758 515 2787 ce
535 2748 602 2797 qui
617 2752 677 2786 est
690 2747 866 2797 rapporte
880 2748 977 2786 dans
992 2759 1035 2786 ce
1050 2746 1288 2797 paragraphe
1305 2750 1344 2783 et
1357 2746 1453 2784 dans
1467 2745 1522 2783 les
1535 2749 1668 2794 quatre

241 2808 432 2857 suivants‚
454 2808 554 2847 ainsi
574 2819 649 2858 que
669 2807 766 2846 dans
786 2808 823 2846 le
843 2812 1176 2847 commencement
1195 2806 1246 2844 du
1266 2806 1484 2855 cinquieme
1506 2807 1585 2854 (str.
1607 2804 1668 2842 29-

243 2869 317 2918 89),
339 2880 379 2906 se
400 2879 512 2918 passa
531 2868 627 2907 dans
647 2868 684 2906 la
703 2870 832 2906 meme
858 2868 984 2906 annee
1010 2867 1102 2905 1136
1128 2866 1275 2916 (Lamb.
1297 2865 1483 2914 Watrel.,
1511 2877 1547 2914 p.
1572 2865 1666 2913 514).

1406 2926 1450 2963 12
