2092 3490
504 351 560 386 134
1139 345 1274 379 GESTA

534 443 594 491 82
855 436 1114 499 Statuitque
1139 436 1426 500 quamtotius

789 515 847 563 de
874 514 970 562 suis
995 512 1292 562 facultatibus

788 591 1070 640 sufficientes
1095 589 1309 639 redditus

787 668 833 715 in
858 666 1121 716 detinendis
1144 667 1369 731 pontibus
1400 686 1409 715 :

531 750 589 795 83
853 743 984 792 dedit
1008 743 1134 792 enim
1159 743 1408 793 aecclesiae

788 821 933 869 sancti
959 821 1173 870 Autberti
1196 821 1397 886 proinde

787 898 995 963 hospites
1021 898 1183 964 viginti
1209 899 1416 963 quinque

788 976 835 1024 in
862 976 1150 1041 sempiterno
1175 981 1393 1041 tempore

531 1056 590 1103 84
852 1053 971 1101 infra
995 1053 1163 1102 urbem
1189 1054 1425 1102 Cameraci

787 1130 875 1179 sub
900 1130 1165 1179 conditione
1190 1130 1270 1178 tali

787 1207 912 1271 quod
940 1223 1051 1274 cum*
1073 1223 1262 1258 necesse
1287 1207 1425 1256 fuerit
1493 1252 1494 1256 ,

786 1285 931 1333 abbas
957 1289 1127 1350 pontes
1152 1284 1415 1333 renovabit.

530 1365 589 1410 85
851 1362 1198 1413 Werimboldus
1223 1363 1469 1412 consilium

785 1438 909 1488 istud
935 1439 1111 1487 invenit
1136 1439 1385 1503 optimum,

787 1516 1034 1564 aecclesiae
1060 1516 1310 1565 utillimum

786 1598 833 1641 et
858 1592 945 1641 sibi
972 1592 1334 1643 saluberrimum
1365 1613 1373 1642 ε

475 1692 478 1695 ’
528 1673 587 1719 86
850 1670 930 1734 qui
954 1670 1102 1719 voluit
1125 1670 1213 1719 hec
1236 1688 1433 1721 munera

783 1753 836 1796 ut
859 1747 1071 1812 predicta
1095 1747 1318 1797 aecclesia

784 1825 832 1872 in
857 1830 1072 1874 eternum
1093 1825 1333 1889 possideat

783 1906 830 1950 et
853 1901 961 1950 hinc
985 1907 1155 1967 pontes
1178 1902 1411 1951 restituat.

526 1981 585 2026 87
846 1982 957 2028 Post
979 1979 1093 2028 illud
1119 1979 1397 2028 beneficium

725 2091 727 2093 ·
782 2056 1130 2106 Werimboldus'
1155 2056 1214 2104 ad
1239 2056 1436 2104 alterum

781 2149 902 2197 opus
926 2133 1077 2181 tendit
1103 2133 1447 2182 sanctissimum

781 2215 980 2274 propter
1004 2226 1215 2258 amorem
1241 2227 1519 2275 pauperum.

489 2298 493 2302 ·
524 2289 584 2333 88
846 2286 931 2345 Qui
957 2303 1046 2351 pro
1071 2286 1220 2335 salute
1243 2286 1423 2335 animae

779 2362 1021 2412 residuum
1046 2363 1268 2428 pecuniae

779 2440 1038 2504 gratulatur
1063 2439 1345 2503 dispendere

779 2516 1016 2581 egentium
1041 2516 1272 2564 miseriae.

521 2594 580 2638 89
843 2593 915 2642 Ad
940 2598 1124 2641 sanctae
1150 2593 1309 2642 Crucis
1333 2593 1505 2642 atrium

777 2677 878 2719 erat
901 2671 981 2720 Dei
1007 2671 1286 2735 hospitium¹

535 2800 568 2836 1.
595 2799 839 2847 HOtel-Dieu‚
861 2800 1018 2848 hopital,
1039 2800 1193 2848 hospice
1212 2805 1350 2848 (comp.
1373 2800 1458 2848 plus
1472 2800 1552 2847 bas,
1572 2804 1638 2837 str.
1657 2799 1715 2846 92,
1731 2799 1790 2846 94,
1807 2800 1888 2847 100,

487 2858 567 2905 101,
591 2859 671 2905 102,
694 2860 774 2907 111,
796 2859 852 2897 les
871 2860 1111 2908 expressions
1132 2866 1392 2908 synonymes).
