2092 3490
777 303 1038 338 BURGHARDI.
1059 305 1085 338 Ι.
1583 310 1640 345 127

255 396 318 446 32
581 397 797 443 Fortasse
821 396 947 444 Deus
971 394 1136 444 annuit

515 472 645 537 quod
669 471 891 522 omnibus
915 470 982 522 sic
1007 473 1183 538 placuit
1211 490 1222 521 :

513 549 742 599 virtutem
765 549 893 599 enim
917 550 1082 600 habuit

515 626 629 692 per1
658 644 804 692 quam
828 627 911 692 qui
935 627 1078 677 habet
1102 628 1307 694 proficit.

257 706 317 752 33
581 708 700 754 Nam
723 706 1080 756 elemosinarius

515 783 677 850 largus
701 790 804 833 erat
827 785 1119 850 pauperibus

517 866 565 910 et
587 862 704 912 haec
727 862 881 912 virtus
905 868 978 912 est
1003 863 1224 913 omnibus

515 939 747 988 excelsior
771 939 1046 991 virtutibus.

257 1015 319 1065 34
582 1021 700 1066 Nam
724 1016 835 1066 data
858 1018 1117 1068 elemosina

516 1101 590 1144 est
614 1095 836 1160 precibus
861 1095 1067 1156 assidua,

426 1183 429 1186 ’
520 1173 634 1222 haec
658 1179 732 1223 est
755 1191 877 1239 quae
901 1179 1075 1241 purgat
1100 1175 1298 1224 crimina

519 1257 567 1300 et
591 1257 759 1301 cuncta
782 1251 929 1301 donat
952 1269 1203 1318 prospera.

259 1332 319 1378 35
583 1329 714 1380 Multi
739 1330 867 1379 enim
891 1331 1139 1396 gentilium

518 1423 606 1471 per
629 1407 721 1456 hoc
744 1407 873 1457 idem
896 1408 1106 1457 officium

518 1491 797 1534 meruerunt
821 1485 1085 1551 propitium

519 1563 610 1613 sibi
635 1564 810 1613 habere
835 1564 1107 1613 Dominum.

258 1643 320 1690 36
585 1645 716 1691 Uxor
742 1643 844 1709 ejus
870 1642 1086 1692 similiter

523 1719 726 1769 libenter
750 1721 900 1786 pascit
922 1738 1178 1787 pauperes,

451 1846 453 1848 a
522 1797 676 1846 nudos
699 1799 842 1847 vestit
866 1804 915 1848 et
939 1799 1120 1848 debiles

520 1891 764 1942 vagosque
788 1875 900 1925 facit
923 1876 1154 1942 hospites.

262 1957 323 2003 37
519 2009 524 2013 ,
586 1954 808 2004 Libenter
834 1955 896 2004 ad
920 1955 1267 2005 sanctissimam

519 2031 602 2080 Dei
628 2031 808 2081 vadunt
832 2033 1125 2092 aecclesiam,

520 2126 619 2175 per>
634 2126 910 2161 sermonum
933 2111 1246 2176 frequentiam

522 2188 781 2238 abhorrent
806 2188 1070 2239 avaritiam.

264 2267 324 2314 38
589 2270 694 2317 Jam
716 2266 777 2316 de
802 2267 937 2316 malis
962 2268 1242 2334 recogitant,

493 2350 496 2354 “
518 2342 618 2410 jam
643 2360 695 2393 se
719 2360 941 2409 peccasse
968 2345 1200 2410 penitent,

524 2421 690 2470 mundi
714 2421 845 2471 lucra
869 2422 1155 2488 despiciunt,

525 2499 751 2565 quicquid
776 2499 953 2549 habent
977 2500 1217 2549 vilificant.

266 2578 325 2625 39
590 2580 708 2626 Ecce
732 2581 857 2627 Deus
882 2578 1008 2627 hunc
1033 2578 1236 2628 alterum

524 2655 736 2720 respexit
759 2655 1108 2715 Eustachium,

281 2786 315 2822 1.
339 2796 419 2832 per.
439 2785 548 2823 Dans
569 2786 604 2824 le
622 2797 696 2824 ms.
718 2787 926 2826 au-dessus
946 2787 994 2826 de
1013 2788 1050 2826 la
1068 2787 1185 2836 ligne.

282 2844 317 2882 2.
346 2845 385 2883 S.
407 2845 617 2894 Eustache,
638 2846 783 2885 honore
803 2859 895 2886 avec
914 2859 955 2886 sa
977 2848 1117 2886 semme
1135 2847 1343 2897 Theopiste
1363 2853 1402 2886 et
1421 2859 1482 2887 ses
1501 2849 1654 2887 enfants
