2092 3490
494 337 532 372 34
1128 337 1263 371 GEs'rA

783 426 895 489 quin
921 425 1060 473 vadat
1084 425 1143 474 ad
1169 421 1417 475 concilium

783 508 834 550 ut
857 507 1054 551 ventum
1077 507 1149 551 est
1173 503 1232 551 ad
1257 503 1528 552 terminum.

493 582 585 627 485
845 581 993 637 Quem
1016 579 1183 627 videns
1208 580 1493 644 apostolicus

781 656 1002 721 suscepit,
1030 661 1083 705 ut
1105 656 1430 721 probavimus,

780 732 1028 782 simultatis
1052 732 1350 798 amplexibus

779 814 827 858 et
851 810 1022 858 osculis
1044 809 1300 859 fallacibus,

491 886 583 932 486
844 888 959 934 Nam
983 886 1260 935 Lambertus
1283 885 1496 950 ypocrita

779 967 908 1011 retro
933 962 992 1011 ad
1018 963 1148 1012 illum
1169 968 1365 1011 venerat
1394 979 1404 1010 :

780 1039 854 1088 cui
878 1056 1050 1089 munus
1075 1040 1328 1098 obtulerat,

780 1133 920 1165 orans
946 1134 1004 1165 ne
1029 1117 1186 1181 ipsum
1210 1117 1440 1166 destruat.

491 1195 583 1241 487
843 1194 1045 1243 Attraxit
1068 1210 1242 1260 papam
1265 1193 1432 1242 litteris

779 1270 1030 1335 verbisque
1055 1270 1354 1334 deceptoriis,

778 1347 863 1396 sed
887 1348 994 1412 plus
1019 1348 1173 1396 allexit
1201 1347 1364 1396 loculis

779 1426 1052 1475 munerib-us
1077 1425 1378 1491 plenissimis.

489 1504 582 1552 ’188
843 1508 1117 1569 Temptatur
1140 1509 1297 1552 tamen
1323 1503 1483 1568 sepius

779 1580 940 1630 domni
966 1581 1176 1630 Galcheri
1202 1580 1384 1629 animus

778 1658 817 1706 si
843 1657 955 1707 dare
979 1658 1119 1707 vellet
1142 1658 1343 1722 amplius

778 1735 1088 1784 Lambertinis
1113 1735 1403 1784 muneribus.

489 1814 581 1860 489
843 1815 1090 1861 Trecentas
1116 1829 1298 1861 marcas
1320 1812 1502 1879 argenti

777 1889 992 1938 Urbanus
1018 1888 1117 1937 dari
1144 1888 1279 1954 petiit
1309 1907 1319 1937 :

779 1983 896 2030 quas
917 1965 1077 2030 presul
1102 1966 1231 2030 quod
1255 1982 1350 2014 non
1371 1964 1551 2022 tribuit,

700 2062 702 2064 ’
770 2041 848 2107 jus
872 2042 1047 2090 habere
1071 2060 1163 2091 non
1192 2042 1382 2107 potuit¹.

488 2119 581 2166 ⁴90
843 2121 958 2168 Cum
983 2119 1108 2167 enim
1133 2119 1256 2183 cepit
1281 2119 1383 2168 fieri

776 2194 823 2242 in
849 2201 1104 2260 conspectu
1130 2195 1311 2243 concilii

776 2271 952 2319 clamor
977 2270 1413 2335 Galcheri'presulis

775 2347 834 2395 de
861 2347 1093 2396 Lamberti
1118 2347 1313 2412 injuriis,

487 2426 570 2471 494
843 2430 891 2473 et
915 2441 1023 2473 cum
1048 2424 1134 2472 fuit
1158 2424 1509 2489 promulgatum

777 2501 904 2565 quod
930 2506 1092 2549 contra
1113 2501 1219 2566 jura
1245 2517 1476 2549 canonum

533 2648 566 2684 1.
594 2646 627 2684 Il
646 2652 706 2685 est
724 2648 892 2695 superflu
911 2648 957 2685 de
975 2648 1118 2686 refuter
1142 2653 1240 2687 cette
1266 2648 1423 2686 ridicule
1451 2647 1639 2686 calomnie
1661 2647 1684 2684 ὲ,
1707 2647 1885 2685 l’adresse

484 2705 535 2741 du
561 2716 657 2754 pape
677 2706 823 2744 Urbain
847 2707 905 2756 II,
936 2707 999 2756 qui
1030 2707 1209 2745 continua
1237 2719 1328 2745 avec
1356 2711 1440 2745 tant
1466 2707 1514 2744 de
1542 2706 1700 2754 vigueur
1726 2706 1763 2744 la
1788 2705 1884 2743 lutte

483 2765 693 2813 entreprise
720 2776 787 2813 par
813 2777 873 2803 ses
900 2765 1205 2814 predecesseurs,
1236 2771 1274 2804 et
1299 2778 1347 2804 en
1376 2766 1594 2814 particulier
1623 2777 1691 2814 par
1716 2765 1754 2802 S.
1785 2764 1884 2803 Gre-

483 2824 588 2872 goire
608 2824 696 2872 VII,
720 2830 849 2863 contre
869 2826 904 2862 la
924 2825 1101 2863 simonie.
