2092 3490
500 327 557 361 104
1095 312 1104 325 ²
1123 323 1259 357 GEsTA

495 416 590 463 597
849 412 1073 477 Deposuit
1094 412 1384 476 pet-'litteras

784 505 926 553 quem
949 488 1138 537 tenebat
1160 488 1405 538 infirmitas
1435 505 1446 537 :

783 566 914 631 cujus
938 565 1143 630 complet
1166 565 1401 614 humilitas

782 641 1013 707 quidquid
1033 642 1168 708 jubet
1191 642 1460 692 auotoritas.

494 722 586 768 598
845 718 1092 768 Dimittens
1115 719 1407 784 episcopium

780 796 991 860 perrexit
1014 796 1327 860 Aquioinium‚

779 873 861 922 ubi
885 873 1090 922 reddens
1116 890 1167 922 se
1190 874 1472 923 monachum

779 966 867 1015 per
890 956 1078 1015 tempus
1102 951 1220 999 vixit
1244 951 1526 1001 modicum¹.

491 1029 585 1075 599
845 1027 1098 1077 Defunctus
1122 1028 1248 1077 enim
1273 1028 1434 1077 oitius²

780 1105 847 1153 sio
870 1110 1000 1154 totus
1023 1111 1095 1155 est
1119 1106 1364 1171 depositus

780 1182 907 1246 quod
931 1199 1026 1231 non
1051 1188 1247 1232 vocatur
1270 1183 1472 1247 amplius

778 1276 864 1308 neo
887 1259 1034 1308 abbas
1059 1276 1146 1308 neo
1168 1260 1466 1324 episcopusss.

437 1409 444 1415 ”
487 1418 575 1453 reou
595 1407 845 1445 l'investiture
865 1407 911 1444 de
931 1407 1156 1455 l'empereu'r
1176 1418 1250 1456 que
1269 1407 1364 1445 dans
1382 1407 1418 1445 le
1437 1412 1562 1456 temps
1587 1408 1636 1445 οὺ
1662 1407 1696 1445 le
1721 1407 1820 1446 droit
1843 1406 1891 1445 de

486 1466 522 1504 13
541 1467 687 1505 donner
705 1467 807 1504 avait
825 1466 885 1504 oto
904 1469 1190 1515 expressdment
1209 1478 1377 1505 reconnu
1397 1467 1421 1504 ὲ
1439 1466 1595 1505 celui-ci
1614 1478 1681 1515 par
1699 1466 1734 1504 le
1754 1477 1862 1520 papo.

535 1528 568 1564 1.
596 1526 754 1575 D'aprezs
772 1527 945 1564 Herman
964 1527 1011 1564 de
1030 1527 1216 1573 Tournai,
1243 1537 1285 1564 ce
1304 1538 1353 1563 ne
1373 1527 1431 1564 fut
1449 1538 1523 1575 que
1543 1526 1631 1563 huit
1651 1527 1757 1575 jours
1776 1531 1891 1564 avant

486 1596 528 1623 sa
555 1590 656 1624 mort
675 1589 713 1622 et
743 1585 826 1634 ddja
853 1590 1076 1634 gravement
1100 1585 1250 1623 malado
1277 1585 1452 1634 qu'Odon
1478 1596 1518 1623 se
1544 1586 1587 1623 fit
1611 1590 1842 1634 transportet
1866 1587 1890 1624 ὲ

484 1645 654 1683 Anchin.
676 1646 898 1692 Infirmilale
917 1648 1078 1692 corporis
1096 1649 1291 1692 gravatus,
1323 1648 1567 1692 episcopatum
1587 1648 1756 1692 reliquit,
1785 1657 1890 1692 seque

483 1706 743 1751 Aquicinotum
763 1707 806 1741 in
825 1707 950 1741 lectica
969 1706 1156 1750 deportari
1170 1706 1256 1751 fecit
1259 1733 1332 1742 .....
1353 1705 1483 1751 sicque
1497 1706 1603 1751 infra
1616 1708 1690 1741 octo
1703 1706 1778 1742 dies
1791 1705 1888 1743 idem

484 1766 666 1811 episcopus
685 1765 878 1810 defunctus
883 1792 954 1801 .....
979 1765 1155 1811 (Restaur.
1177 1765 1258 1801 abb.
1281 1765 1318 1802 S.
1341 1766 1511 1808 Martini,
1534 1775 1573 1800 n.
1598 1764 1678 1811 100,
1701 1775 1737 1812 p.
1760 1764 1855 1811 921).

530 1823 566 1860 2.
593 1823 644 1860 Sa
661 1827 761 1860 mort
779 1823 904 1860 arriva
922 1834 971 1861 en
992 1823 1096 1870 1113,
1113 1823 1258 1871 (Γειρτὸε
1272 1823 1453 1861 Lambert
1465 1823 1512 1861 de
1529 1823 1721 1861 Watrelos
1737 1822 1787 1872 (p.
1804 1823 1886 1872 512)

483 1886 522 1920 et
548 1881 710 1920 l'auteur
737 1882 784 1920 de
812 1882 849 1920 13
876 1882 1043 1920 Version
1071 1883 1256 1928 franoaise
1285 1883 1333 1920 de
1362 1887 1471 1920 notre
1499 1882 1709 1931 chronique
1732 1883 1779 1930 (p.
1803 1882 1886 1931 521,

483 1953 521 1979 n.
545 1942 590 1979 32
609 1943 738 1990 extr.);
766 1942 802 1979 le
822 1942 866 1979 19
882 1942 986 1991 juin,
1014 1953 1162 1980 comme
1181 1942 1344 1980 l’atteste
1362 1942 1536 1990 Amand,
1556 1942 1653 1980 abbo
1671 1940 1886 1988 d'Anchin,

465 1999 548 2048 'qui
567 2011 616 2037 en
635 1999 693 2037 fut
712 2000 748 2037 le
766 2000 912 2038 tomoin
931 2000 1095 2038 oculaire
1116 2000 1204 2048 (Aet.
1228 2001 1309 2045 SS„
1332 2005 1359 2038 t.
1383 2001 1443 2038 ΠΙ
1459 2001 1569 2048 Jun.,
1599 2012 1637 2049 p.
1658 1999 1742 2047 912,
1770 2010 1809 2037 n.
1834 1999 1884 2048 7).

480 2079 528 2087 —
544 2058 717 2096 Herman
742 2059 790 2096 de
809 2060 993 2107 Tournai,
1022 2059 1045 2096 ὲ,
1069 2060 1107 2096 13
1131 2060 1231 2098 suite
1255 2061 1306 2097 du
1332 2071 1491 2108 passage
1515 2059 1590 2098 cito
1614 2058 1710 2097 dans
1735 2059 1773 2096 13
1796 2063 1886 2096 note

481 2118 721 2166 procedente,
741 2112 838 2156 nous
858 2119 985 2157 donne
1004 2130 1065 2157 ces
1086 2119 1222 2156 details
1241 2119 1508 2157 relativement
1531 2118 1554 2155 ὲ.
1579 2129 1648 2156 son
1673 2117 1851 2156 tombeau
1875 2132 1881 2153 :

480 2179 526 2215 In
545 2180 691 2215 ecclesia
709 2178 953 2225 Aquioz’nensi
972 2190 1096 2216 coram
1115 2181 1290 2225 crucilia-o
1304 2190 1387 2215 eum
1406 2190 1540 2225 magno
1560 2180 1694 2215 honore
1711 2180 1886 2224 sepelitur

480 2241 513 2273 et
531 2238 573 2274 de
598 2239 753 2274 candido
772 2248 957 2274 marmore
983 2240 1105 2284 imayo
1130 2241 1207 2285 ejus
1231 2249 1340 2284 super
1358 2240 1570 2284 sepulcrum
1588 2240 1666 2284 ejus
1684 2238 1882 2283 sculpitur.

478 2316 526 2322 —
544 2294 605 2333 On
630 2306 655 2343 y
682 2296 857 2334 inscrivit
889 2296 1093 2345 l'opitaphe
1120 2297 1296 2334 suivante
1329 2296 1404 2344 (cit.
1438 2297 1532 2334 Gall.
1569 2297 1720 2340 Christ„
1751 2299 1778 2332 t.
1808 2294 1880 2341 111,

478 2366 515 2402 p·
538 2354 596 2402 26)
620 2384 628 2391 ’
889 2405 955 2436 Hic
976 2405 1101 2446 ἱερᾶται·
1120 2404 1263 2446 praesul
1283 2403 1354 2437 Odo

892 2458 959 2495 Qui
980 2458 1174 2499 perspectus
1192 2458 1289 2490 omni
1309 2457 1443 2490 mundo

887 2509 966 2543 Fau
986 2510 1100 2552 exsul,
1120 2512 1197 2544 Deo
1215 2507 1326 2553 fidum

888 2562 1010 2605 Fulqet
1030 2564 1127 2596 caelo
1145 2565 1246 2606 quasi
1263 2563 1370 2596 sidus.

523 2626 555 2663 3.
584 2625 695 2664 Odon
714 2630 772 2664 est
789 2629 946 2676 marque
964 2638 1114 2665 comme
1132 2627 1393 2665 bienheureux
1412 2628 1508 2665 dans
1521 2627 1705 2677 quelques
1719 2626 1880 2666 recueils

475 2684 818 2734 hagiographiques
835 2686 981 2735 belges;
1003 2686 1101 2724 mais
1122 2687 1150 2723 il
1170 2687 1233 2724 n'a
1247 2688 1387 2736 jamais
1407 2687 1467 2724 &tel
1486 2687 1614 2736 l'obJet
1632 2687 1746 2724 d’une
1765 2697 1880 2725 cano-

474 2744 642 2782 nisation
662 2745 870 2783 solennelle
888 2746 930 2783 ni
950 2745 1064 2784 d'une
1082 2746 1397 2785 reconnaissance
1417 2747 1463 2784 de
1483 2746 1583 2785 culte
1602 2746 1843 2795 e'quivalente
1856 2746 1879 2784 ὁ,

475 2804 512 2841 13
531 2804 793 2850 canonisation
812 2808 903 2851 (Act.
928 2807 1006 2851 SS„
1030 2807 1134 2851 ibid„
1158 2818 1194 2855 p.
1217 2807 1314 2850 910).
