2092 3490
267 679 360 726 380

265 990 350 1037 381

264 1302 358 1352 382

261 1616 355 1662 383

258 1925 353 1974 384

257 2239 352 2286 385

255 2550 350 2597 386

885 355 1071 389 NICOLAI.

563 444 789 510 episcopo
815 446 1084 494 communia

561 521 691 586 quod
715 520 886 587 injuste
912 523 1140 572 catholica

561 599 791 649 tolluntur
817 599 907 650 sibi
931 600 1107 661 debita,

625 683 674 726 et
698 684 860 744 presto
886 684 994 728 sunt
1019 685 1066 727 et
1091 679 1313 740 offerunt,

560 755 596 803 si
624 755 788 804 redeat
813 757 1137 816 Cameracum,

560 832 689 898 quod
711 833 1067 883 venerabuntur
1091 851 1202 884 eum

559 915 612 959 ut
640 911 883 975 presulem
907 917 954 960 et
980 912 1227 962 dominum

625 988 911 1054 venientque
936 991 1230 1056 respondere

558 1071 699 1131 atque
726 1061 816 1114 sibi
842 1067 1097 1116 emendare

557 1144 618 1194 de
644 1161 926 1210 quacunque
950 1146 1128 1211 poterit
1153 1163 1205 1195 re

558 1223 807 1272 universos
832 1223 1091 1289 inculpare.

624 1302 784 1351 Sciens
808 1302 969 1367 presul
995 1303 1126 1368 quod
1152 1303 1329 1368 inique,

555 1379 685 1445 quod
711 1379 761 1428 in
785 1379 961 1447 lingua,
991 1397 1087 1429 non
1113 1380 1162 1429 in
1190 1381 1353 1440 corde,

555 1458 685 1522 quod
709 1458 756 1506 in
782 1458 910 1517 dolo,
939 1475 1033 1507 non
1061 1459 1109 1508 in
1133 1460 1228 1509 fide

555 1541 726 1603 rogant
750 1553 860 1585 eum
886 1553 1118 1597 remeare,

620 1614 918 1663 remandavit
944 1618 1251 1666 Cameracum

553 1708 605 1741 se
630 1709 929 1758 nequaquam
954 1693 1220 1743 rediturum

554 1786 641 1818 nec
666 1769 880 1819 divinum
904 1770 1114 1820 officium

553 1847 794 1896 celebrare
820 1865 1157 1898 concessurum

618 1925 771 1974 donec
796 1925 872 1975 ille
895 1943 1055 1976 comes
1081 1927 1250 1977 Montis

552 2006 695 2067 atque
718 2003 788 2052 sui
815 2003 992 2052 inimici

551 2081 866 2130 morabuntur
890 2084 1128 2132 Cameraci

550 2163 716 2208 contra
741 2160 873 2209 illum
898 2161 1173 2219 introducti,

618 2254 740 2302 quos
765 2237 813 2286 in
841 2255 976 2287 suam
998 2239 1261 2288 civitatem¹

549 2320 713 2364 contra
739 2315 840 2382 ejus
865 2317 1158 2366 voluntatem

551 2393 679 2443 cives
705 2394 794 2460 ipsi
821 2402 1102 2460 receperant

549 2477 597 2520 et
620 2488 699 2521 res
724 2489 832 2522 suas
857 2479 1176 2523 vastaverant.

614 2549 706 2598 Sed
733 2551 772 2599 si
797 2550 976 2600 donant
999 2552 1222 2602 fiduciam

547 2629 866 2692 prosequendi
886 2630 1124 2696 justiciam

546 2705 760 2755 Valcellis
785 2706 867 2756 dat
880 2707 980 2757 >inis
1007 2708 1133 2758 diem

301 2876 333 2913 1.
363 2876 469 2914 Dans
490 2877 525 2914 le
545 2888 617 2913 ms.
641 2880 683 2914 in
702 2888 771 2914 sua
791 2880 950 2916 civitate.

1629 364 1691 397 229
