2092 3490
497 333 558 366 224
1125 334 1260 369 GESTA

787 424 1017 473 reducunt
1042 423 1140 472 sine
1165 425 1347 473 morula

784 500 1066 548 incolumem
1090 500 1150 549 ad
1174 501 1385 565 propria.

496 575 589 624 349
848 576 1023 626 Eadem
1045 577 1162 626 hora
1185 577 1380 643 contigit
1455 608 1458 612 ⁴

782 653 907 702 unde
931 653 1145 702 Flandria
1168 654 1316 703 doluit

782 729 910 793 quod
935 729 1000 778 ibi
1025 736 1134 778 sunt
1157 730 1387 779 interfecti

782 806 876 854 duo
900 806 1039 870 probi
1063 807 1315 863 castellani,

493 885 586 930 350
846 882 987 932 ambo
1011 884 1108 932 nati
1131 883 1178 931 in
1203 883 1419 933 Flandria

779 960 838 1009 de
864 966 1002 1026 gente
1026 961 1292 1020 Teutonica,

778 1036 827 1084 in
853 1037 991 1102 longa
1015 1038 1116 1086 noti
1140 1038 1290 1102 patria

776 1112 1046 1163 divitiarum
1069 1114 1262 1180 gloria1.

488 1192 570 1237 351
841 1191 1138 1240 Flandrensis
1163 1208 1320 1240 comes
1344 1192 1558 1257 protinus

776 1268 1068 1317 verecundus
1093 1275 1140 1316 et
1166 1274 1429 1318 commotus

774 1360 863 1408 pro
888 1343 1118 1393 defunctis
1140 1344 1422 1394 bar-ronibus

774 1427 822 1469 et
844 1438 934 1485 pro
960 1421 1108 1486 captis
1132 1420 1377 1481 militibus,

484 1499 578 1548 352
838 1497 1108 1546 submonuit
1131 1498 1441 1547 Montensium

773 1574 994 1623 comitem
1017 1592 1105 1640 per
1128 1574 1387 1624 hominium

771 1651 994 1700 accedere
1020 1652 1080 1700 ad
1101 1651 1178 1717 jus
1203 1668 1341 1701 suum

770 1727 829 1776 de
853 1728 1047 1794 objectis
1071 1745 1428 1793 responsurum.

484 1807 576 1852 353
838 1809 959 1854 Loco
985 1806 1136 1854 dicto2
1161 1806 1454 1872 congregatis

768 1881 985 1931 clamavit
1008 1899 1166 1932 comes
1190 1883 1486 1932 Flandrensis

768 1976 911 2023 super
934 1963 1224 2009 Montensem
1249 1960 1308 2009 de
1334 1960 1430 2009 suis

767 2036 881 2085 viris
905 2037 1054 2102 captis
1080 2042 1127 2086 et
1151 2036 1333 2095 occisis,

479 2112 572 2160 354
831 2119 877 2162 et
903 2113 962 2162 de
987 2115 1292 2179 occupatione

765 2190 963 2238 civitatis
988 2192 1263 2240 Cameracae

765 2272 905 2331 atque
930 2267 1098 2333 regalis
1123 2268 1354 2317 marchiae

765 2360 908 2408 quam
932 2344 1121 2392 tenebat
1144 2344 1420 2394 inconsulte.

476 2423 569 2469 355
829 2421 948 2469 Dicit
971 2421 1096 2469 enim
1120 2438 1222 2469 esse
1248 2437 1385 2470 suum

763 2514 851 2562 per
868 2497 946 2563 jus
970 2498 1306 2547 hereditarium

521 2657 554 2693 1.
581 2633 723 2694 Je‘n'ai
742 2667 793 2704 pu
813 2659 964 2694 trouver
989 2667 1067 2694 non
1091 2656 1177 2705 plus
1202 2656 1310 2706 quels
1337 2661 1424 2695 sont
1453 2656 1508 2695 les
1533 2656 1632 2695 deux
1663 2655 1872 2695 chatelains

474 2715 556 2753 tues
575 2727 624 2753 en
642 2720 740 2753 cette
760 2720 969 2753 rencontre.

519 2775 552 2812 2.
582 2774 614 2810 Il
633 2774 695 2811 n'a
713 2786 780 2822 pas
800 2774 860 2811 ete
880 2775 936 2811 dit
955 2775 1043 2823 quel
1062 2779 1120 2812 est
1139 2786 1181 2812 ce
1201 2775 1292 2823 lieu,
1310 2777 1359 2813 οὺ
1373 2774 1409 2812 le
1425 2779 1548 2812 comte
1563 2774 1609 2812 de
1622 2773 1791 2811 Hainaut
1802 2772 1871 2811 dut

473 2833 721 2879 comparaitre
741 2832 880 2870 devant
898 2832 934 2870 la
953 2844 1043 2870 cour
1061 2832 1127 2870 des
1146 2833 1247 2880 pairs
1266 2833 1313 2870 de
1331 2830 1505 2870 Flandre.
