2092 3490
497 333 555 367 132

527 424 585 469 67

524 729 583 774 68

522 1035 580 1081 69

520 1344 580 1390 70

519 1653 570 1698 74

519 1959 579 2007 72

518 2265 576 2308 73

518 2567 579 2614 74

1129 330 1262 364 GESTA

849 418 946 466 Flet
971 419 1171 468 rusticus
1195 426 1243 468 et
1267 421 1487 480 clamitat,

784 494 881 543 sive
905 494 1107 543 calorem
1131 496 1300 545 habeat

783 572 879 620 sive
906 571 1052 636 frigus
1078 572 1319 632 sustineat,

781 648 934 697 nudus
959 648 1019 696 ad
1043 650 1199 697 forum
1223 657 1466 714 properat.

846 726 979 784 Quod
1004 726 1212 775 vendere
1238 727 1378 776 debet
1403 728 1546 777 homo

781 819 875 866 quo
899 808 1056 867 potest
1081 803 1243 851 vendit
1266 804 1444 869 precio,

780 879 1004 929 sollicitus
1030 896 1090 928 ex
1115 879 1274 929 debito

779 955 907 1020 quod
932 956 1072 1004 debet
1096 973 1186 1020 pro
1212 957 1428 1023 pedagio.

844 1033 934 1082 Sed
959 1034 1048 1082 hoc
1074 1035 1343 1099 frequenter
1369 1035 1537 1084 accidit

777 1111 905 1174 quod
930 1112 1100 1177 pignus
1126 1112 1200 1159 vir
1225 1129 1333 1161 cum
1358 1112 1496 1161 rediit

778 1187 1004 1236 rehabere
1030 1205 1123 1236 non
1148 1189 1302 1253 potuit

779 1282 866 1329 pro
890 1271 1078 1314 moneta
1103 1283 1245 1331 quam
1271 1266 1439 1315 attulit.

842 1346 958 1391 Nam
982 1343 1140 1392 famuli
1165 1344 1416 1408 nequitiae,

778 1435 888 1467 seva
913 1420 1037 1484 pleni
1063 1420 1298 1484 cupidine,

778 1512 885 1544 cum
910 1497 1075 1544 nolunt
1099 1497 1270 1562 pignus
1293 1497 1509 1556 reddere,

778 1573 1066 1622 mentiuntur
1090 1573 1372 1638 perdidisse.

843 1649 890 1698 Si
912 1649 971 1698 de
996 1649 1075 1698 tali
1100 1649 1267 1715 injuria

778 1726 966 1775 auditur
990 1727 1284 1791 querimonia

776 1803 835 1851 ab
860 1804 1048 1852 homine
1074 1804 1149 1852 vel
1174 1804 1363 1862 femina,

776 1881 883 1929 hinc
906 1881 1032 1929 nulla
1056 1882 1109 1929 fit
1129 1881 1330 1947 justicia.

841 1958 915 2006 Sic
936 1975 1118 2023 pauper
1141 1976 1229 2023 per
1254 1959 1512 2008 dominium

776 2034 953 2083 nullum
977 2036 1154 2084 habens
1180 2035 1405 2084 auxilium

774 2111 932 2175 perdit
956 2129 1155 2176 cappam
1179 2113 1255 2161 vel
1280 2112 1473 2177 pallium

774 2193 973 2251 propter
998 2205 1144 2237 unum
1170 2189 1432 2238 denarium.

841 2267 959 2312 Istos
984 2264 1213 2328 planctus,
1244 2266 1326 2313 has
1353 2266 1586 2329 querelas,

775 2340 861 2388 hos
887 2341 1091 2399 dolores,
1121 2342 1204 2389 has
1230 2342 1444 2390 lacrimas

776 2418 1122 2468 Werimboldus
1147 2436 1233 2483 per
1257 2419 1486 2468 maximas

774 2494 1028 2558 extirpavit
1052 2495 1289 2559 pecunias.

840 2570 1110 2618 Burchardo
1135 2588 1337 2636 namque
1364 2572 1539 2636 presuli

776 2652 914 2710 atque
940 2647 1199 2696 Fulchardo
1226 2649 1359 2696 militi

778 2722 836 2769 de
862 2739 946 2771 suo
972 2729 1151 2771 tantum
1177 2725 1339 2772 tribuit

778 2800 905 2862 quod
931 2800 1118 2848 feodum
1143 2801 1230 2849 hoc
1257 2802 1413 2849 diruit.
