2092 3490
844 351 1067 386 GALGHERI.
1617 354 1656 387 25

249 445 342 493 135
605 443 755 500 Quem
778 440 936 490 locum
957 459 984 488 a
1009 440 1270 491 latronibus

539 517 787 568 mundavit
811 523 858 567 et
885 518 1176 584 raptor-ihm,

540 595 708 662 captiS‚
734 595 901 646 occisis
925 596 1142 661 pluribus

538 691 629 741 pro
649 674 864 741 justiciae
890 674 1091 741 legibus.

248 757 341 804 136
604 753 679 803 Sic
701 752 750 801 in
776 753 932 816 quiete
956 752 1109 818 patria

542 830 882 895 aliquantulum
907 830 1079 895 posita,

542 908 776 958 solidariis
800 908 970 956 merita

540 986 652 1035 fecit
676 1002 848 1051 magna
873 984 1086 1034 donaria.

248 1067 342 1114 137
606 1067 672 1113 De
697 1080 785 1112 suo
811 1067 970 1111 autem
995 1079 1192 1111 munere

540 1158 662 1206 quos
686 1140 899 1205 nequivit
921 1140 1204 1201 conducere,

540 1219 768 1269 conduxit
792 1219 1064 1269 fidelissime

539 1298 599 1347 de
624 1298 847 1347 thesauro
869 1297 1136 1347 aecclesiae.

248 1380 342 1426 138
606 1380 705 1426 Hoc
731 1376 858 1425 enim
883 1392 974 1441 pro
1000 1376 1214 1435 ecclesia,

539 1455 630 1504 hoc
653 1453 762 1503 fecit
784 1471 875 1520 pro
894 1453 1083 1520 justicia

539 1531 670 1597 quod
695 1531 827 1581 dedit
851 1549 1045 1597 cappaS,
1074 1532 1214 1597 pallia

539 1609 907 1677 hujusmodique
932 1611 1132 1660 cetera¹.

249 1692 342 1740 139
606 1688 802 1738 Galcero
826 1688 900 1737 his
926 1688 1168 1738 laboribus

540 1766 721 1815 intento
746 1764 1082 1830 multiplicibus

538 1842 693 1892 adhuc
715 1842 806 1891 frui
831 1843 1061 1909 legalibus

540 1938 636 1970 non
660 1920 792 1970 licuit
817 1920 1082 1970 ordinibus.

247 1998 341 2048 140
606 2002 782 2050 Verum
805 2004 917 2064 post
941 2000 1062 2048 hanc
1086 1999 1334 2049 victoriam

541 2093 803 2142 parumper
826 2076 1005 2126 habens
1028 2078 1259 2143 requiem,

540 2160 654 2204 tunc
679 2155 890 2220 primum
915 2155 1223 2220 apostolicam

540 2232 659 2299 petit
683 2232 1076 2282 misericordiam.

249 2308 333 2359 141
607 2310 695 2371 Qui
717 2328 852 2360 more
878 2311 1235 2376 precedentium

541 2388 794 2438 beatorum
817 2389 1096 2454 pontificum

539 2467 744 2532 quesivit
769 2468 1088 2517 sacerdotium

542 2562 570 2593 a
593 2544 786 2594 domino
812 2546 1117 2596 Remensium

249 2621 344 2671 ⁴42
605 2623 865 2689 Raginaldo
890 2624 1132 2688 pontifice.

542 2700 633 2749 Sed
657 2701 748 2750 hoc
771 2702 849 2750 illo
875 2708 1124 2751 recusante

296 2873 331 2910 1.
359 2871 467 2910 Dans
487 2872 522 2911 le
540 2884 613 2910 ms.
636 2873 835 2912 au·dessus
853 2875 900 2912 de
920 2880 1048 2919 cetera,
1073 2886 1123 2913 on
1144 2880 1277 2913 trouve
1297 2874 1390 2912 ecrit
1408 2877 1462 2911 vel
1479 2877 1661 2921 plurima.
