2092 3490
461 374 480 407 2
1091 373 1228 408 GESTA

751 462 927 511 eisdem
954 462 1041 510 sub
1066 461 1359 527 temporibus

750 539 930 588 clericis
954 538 1330 587 discordantibus

525 621 554 665 5
815 615 981 664 cecidit
1004 616 1120 664 haec
1144 614 1366 664 aecclesia

749 698 797 742 et
821 693 974 741 omnis
998 692 1099 758 ejus
1123 692 1272 758 gloria

746 786 837 835 pro
860 770 1048 819 illorum
1071 769 1266 827 insania,

746 864 836 912 pro
861 847 939 896 lite
964 852 1012 896 et
1036 846 1287 895 discordia.

522 928 550 973 6
810 927 927 974 Nam
950 930 1002 973 ut
1026 929 1166 990 agant
1188 924 1248 972 ad
1272 922 1456 971 libitum

746 1001 909 1050 nolunt
931 1000 1105 1049 habere
1128 999 1389 1057 dominum,

746 1095 854 1127 cum
877 1083 987 1142 post
1010 1077 1270 1128 Gerardum
1294 1081 1535 1125 mortuum

743 1155 826 1204 vix
850 1156 1022 1221 eligant
1043 1154 1338 1220 episcopum.

518 1236 548 1282 7
812 1232 858 1282 Si
882 1233 989 1281 hinc
1013 1249 1180 1282 accuso
1204 1231 1415 1290 clericos,

744 1326 836 1358 non
862 1310 969 1358 hinc
993 1326 1166 1358 excuso
1191 1308 1350 1366 laicos,
1413 1335 1416 1337 Δ

743 1403 850 1436 cum
874 1403 1064 1435 cernam
1089 1392 1141 1435 ut
1164 1384 1452 1434 scismaticos

742 1481 908 1513 omnes
933 1481 1037 1513 esse
1061 1463 1340 1512 contrarios.

517 1544 545 1589 8
807 1541 940 1600 Quod
965 1540 1091 1589 enim
1114 1541 1229 1589 haec
1251 1539 1443 1589 ecclesia

739 1623 811 1667 tot
834 1618 1010 1683 patitur
1033 1617 1186 1675 exilia,

740 1695 869 1760 quod
894 1699 967 1743 est
989 1694 1151 1743 ruinae
1175 1693 1334 1743 dedita

740 1779 788 1822 et
810 1773 857 1820 in
882 1772 1046 1822 dolore
1069 1771 1240 1836 posita,

514 1853 542 1897 9
804 1849 894 1898 hoc
916 1854 988 1898 est
1011 1849 1186 1897 factum
1208 1866 1235 1896 a
1259 1846 1440 1897 clericis

740 1931 787 1975 et
810 1925 1044 1975 universis
1068 1925 1215 1982 laicis,

739 2020 767 2052 a
790 2003 994 2053 dominis
1016 2008 1064 2052 et
1088 2002 1305 2060 servulis,

737 2097 766 2128 a
789 2081 1046 2146 grandibus
1070 2086 1118 2128 et
1142 2079 1364 2127 minimis.

482 2158 543 2204 10
804 2157 896 2206 Sed
920 2174 979 2205 ex
1004 2157 1170 2222 majori
1193 2156 1366 2205 merito

737 2233 844 2281 hinc
869 2234 1062 2281 clericos
1086 2233 1337 2298 redarguo,

738 2327 941 2376 quorum
965 2310 1107 2358 debet
1132 2309 1326 2358 consilio

445 2457 655 2506 provincial
675 2456 720 2494 de
734 2457 868 2495 Reims
888 2468 936 2495 en
955 2469 1057 2495 mars
1079 2457 1182 2503 1093,
1204 2467 1254 2494 on
1274 2456 1319 2492 lit
1338 2465 1412 2503 que
1426 2453 1571 2491 Gerard
1583 2453 1623 2490 H
1641 2457 1796 2490 mourut
1813 2451 1849 2490 le

447 2518 487 2553 11
515 2520 605 2554 aout
631 2516 722 2554 1092
749 2517 855 2564 (Gest.
883 2518 1021 2560 Lamb„
1051 2528 1088 2564 p.
1117 2516 1212 2563 740).
1243 2515 1299 2551 La
1325 2516 1453 2550 meme
1482 2513 1568 2550 date
1593 2513 1642 2549 du
1667 2512 1766 2549 mois
1791 2516 1850 2549 est

444 2575 623 2624 indiquee
643 2576 738 2613 dans
758 2576 794 2613 le
812 2576 1011 2624 necrologe
1032 2575 1078 2612 de
1098 2575 1271 2622 l'abbaye
1291 2573 1337 2610 de
1359 2572 1479 2620 Femy
1500 2571 1610 2620 (Mon.
1632 2572 1751 2609 Germ.
1775 2571 1844 2608 SS.

444 2640 471 2673 t.
489 2635 577 2679 VII,
600 2647 635 2683 p.
660 2636 742 2681 544,
762 2639 842 2672 not.
866 2635 938 2682 42).
959 2635 1013 2672 Le
1032 2634 1231 2681 necrologe
1251 2631 1445 2669 d’Anchin
1465 2636 1502 2668 et
1522 2642 1618 2668 ceux
1638 2630 1685 2667 de
1704 2629 1849 2678 l'eglise

442 2694 747 2742 metropolitaine
768 2693 814 2731 de
832 2693 1095 2731 Notre-Dame
1114 2697 1152 2729 et
1171 2692 1216 2729 de
1234 2691 1381 2739 l'eglise
1398 2691 1448 2727 du
1467 2689 1782 2738 Saint-Sepulcre
1801 2689 1848 2727 de

443 2752 616 2789 Cambrai
643 2757 847 2801 marquent
874 2751 908 2788 le
937 2752 981 2788 12
1012 2754 1102 2789 aout
1133 2751 1251 2798 (Ibid.‚
1283 2761 1318 2798 p.
1343 2749 1430 2796 500,
1450 2753 1530 2786 not.
1554 2748 1612 2796 19,
1639 2752 1732 2796 etp.
1756 2747 1845 2795 544,

442 2816 520 2848 not.
543 2812 620 2858 42);
649 2812 686 2849 la
703 2811 775 2848 Vie
801 2812 847 2849 de
868 2811 1012 2848 Gerard
1037 2811 1094 2858 11,
1125 2810 1241 2847 ecrite
1265 2820 1332 2857 par
1355 2821 1409 2845 un
1434 2808 1534 2846 clerc
1558 2808 1604 2844 de
1628 2805 1772 2854 l'eglise
1797 2805 1844 2844 de

441 2869 629 2917 Cambrai,
649 2870 934 2918 contemporain
954 2870 1000 2908 de
1018 2869 1200 2918 l'eveque,
1222 2868 1257 2906 le
1278 2868 1318 2906 31
1337 2868 1464 2915 juillet
1484 2867 1605 2913 (Ibid.,
1628 2877 1666 2914 p.
1689 2865 1786 2913 500).
