2092 3490
490 355 527 388 18
1117 354 1255 389 GESTA

779 442 866 491 sub
891 442 990 508 lege
1016 448 1199 507 septem
1223 443 1433 492 artium&

521 521 582 570 92
843 519 929 578 Qui
952 519 1230 568 informatus
1253 520 1420 569 fitteris

776 601 825 645 et
847 595 1029 661 legibus
1053 601 1102 644 et
1124 596 1325 661 placitis,

776 672 962 722 valebat
984 673 1032 721 in
1056 674 1263 722 conciliis

774 748 1010 815 gallicanis
1034 754 1082 798 et
1107 749 1317 814 synodis,

517 828 579 873 93
838 826 941 875 Fuit
964 831 1012 874 et
1035 843 1174 875 causa
1196 826 1341 875 tercia

773 907 827 951 ut
849 902 909 951 ad
933 903 1023 951 hoc
1046 903 1190 952 decus
1212 903 1387 962 veniat,

775 996 883 1029 cum
908 986 955 1030 et
979 997 1088 1030 eum
1112 997 1198 1029 rex
1223 980 1364 1046 eligat

773 1061 822 1105 et
844 1056 1036 1105 mandet
1061 1061 1109 1105 et
1133 1056 1362 1121 precipiat

515 1133 578 1181 94
839 1134 974 1200 signo
1001 1150 1085 1182 sue
1110 1133 1362 1198 aepistolae

772 1211 1085 1259 communiter
1110 1210 1282 1276 eligere

774 1305 801 1336 a
823 1287 930 1335 filiis
953 1287 1201 1336 aecclesiae

779 1370 919 1428 atque
944 1364 1032 1413 sibi
1056 1364 1394 1413 transmittere.

514 1444 575 1490 95
836 1445 934 1491 Hoc
954 1445 1095 1500 Deus,
1124 1441 1285 1501 credo,
1311 1441 1460 1490 voluit

771 1518 961 1582 quando
986 1535 1063 1566 res
1087 1518 1152 1566 ita
1173 1518 1340 1568 accidit

770 1595 898 1660 quod
923 1595 1075 1645 clerus
1099 1601 1148 1644 et
1170 1596 1306 1661 plebs
1327 1596 1455 1663 eligit

770 1689 913 1737 quem
936 1672 1196 1737 imperator
1220 1673 1440 1738 precipit.

512 1751 573 1796 96
835 1749 922 1808 Qui
948 1749 1048 1798 sine
1072 1749 1360 1799 dissonantia

769 1826 994 1875 electione
1018 1827 1193 1885 habita,

769 1903 833 1951 nil
858 1920 1049 1953 sumens
1070 1904 1131 1953 de
1153 1904 1392 1964 aecclesia,

769 1998 828 2029 ex
853 1981 1063 2030 omnium
1087 1982 1269 2031 licentia

511 2060 573 2106 97
832 2059 989 2124 pergit
1012 2059 1072 2108 ad
1097 2059 1253 2123 ipsum
1277 2058 1521 2108 dominum

768 2150 931 2199 regem
952 2135 1205 2184 Hem-icum
1229 2135 1444 2194 tercium,

768 2212 828 2261 de
853 2229 949 2276 quo
971 2214 1375 2262 Cameracensium

768 2290 973 2355 suscepit
996 2290 1316 2355 episcopium2

525 2484 558 2521 1.
586 2482 728 2520 Inutile
748 2482 793 2520 de
813 2482 985 2531 rappeler
1003 2483 1024 2519 a
1042 2494 1112 2520 nos
1132 2482 1294 2520 lecteurs
1314 2481 1422 2530 quels
1442 2481 1584 2519 etaient
1610 2480 1665 2519 les
1690 2486 1773 2530 sept
1797 2485 1877 2519 arts

476 2543 666 2591 liberaux,
695 2552 768 2590 que
797 2553 839 2579 se
866 2542 1153 2590 repartissaient
1180 2541 1215 2578 le
1245 2544 1400 2578 trivium
1427 2546 1466 2578 et
1493 2540 1528 2578 16
1555 2542 1814 2587 quadrivium,
1846 2542 1879 2578 si

476 2602 628 2639 fameux
648 2601 742 2638 dans
761 2600 798 2638 la
816 2601 1024 2649 pedagogie
1038 2601 1089 2638 du
1105 2612 1247 2650 moyen
1259 2603 1341 2649 age.
1363 2600 1467 2637 Ceux
1481 2600 1546 2649 qui
1559 2601 1734 2638 auraient
1746 2600 1879 2638 besoin

476 2660 522 2698 de
542 2673 583 2699 se
601 2660 799 2699 rafraichir
817 2660 872 2697 les
891 2660 993 2698 idees
1012 2661 1036 2698 ὲ
1054 2672 1096 2698 ce
1116 2661 1214 2709 quet
1239 2665 1404 2709 peuvent
1423 2660 1615 2698 consulter
1634 2660 1668 2696 16
1688 2659 1878 2698 Glossaire

476 2719 522 2757 de
542 2720 603 2756 Du
624 2720 767 2768 Gange,
800 2730 875 2756 aux
899 2724 999 2757 mots
1020 2722 1176 2757 trivium
1198 2720 1238 2766 (t.
1258 2719 1328 2768 VI,
1349 2731 1386 2767 p.
1409 2719 1491 2766 677,
1513 2718 1581 2756 col.
1607 2719 1638 2766 1)
1664 2723 1702 2756 et
1720 2720 1877 2765 quadri-

475 2781 578 2815 vium
599 2780 639 2827 (t.
662 2779 711 2826 V,
732 2790 768 2827 p.
792 2779 873 2826 536,
896 2779 967 2816 col.
988 2778 1038 2826 2).

522 2837 556 2875 2.
586 2838 638 2875 Le
655 2838 742 2886 jour
761 2837 807 2875 de
825 2837 862 2875 la
881 2837 955 2875 sete
974 2837 1022 2875 de
1033 2836 1072 2875 S.
1090 2836 1219 2874 Andre
1241 2837 1298 2885 (30
1318 2835 1525 2874 novembre
1545 2835 1647 2883 1093)
1670 2846 1718 2874 au
1739 2835 1875 2875 temoi-
