2092 3490
509 349 570 385 208

508 440 604 491 240

503 747 587 797 241

496 1055 591 1106 242

490 1363 584 1415 243

485 1594 581 1646 244

481 1825 575 1877 245

475 2134 570 2186 246

471 2441 567 2493 247

465 2747 559 2799 248

1140 353 1277 388 GESTA

866 458 951 489 nec
976 446 1198 490 externus
1219 443 1453 491 civitatem

797 518 1123 583 ingrederetur
1149 519 1383 583 quispiam

797 594 886 642 nisi
910 611 998 659 per
1022 594 1179 659 ipsum
1202 598 1456 661 Symonem

794 676 874 720 aut
896 687 985 736 per
1009 672 1294 721 conductum
1318 673 1538 738 aliquem.

859 748 932 797 Sic
957 748 1120 798 civitas
1144 749 1476 799 circumclausa

792 841 944 889 neque
968 824 1093 874 intus
1117 843 1270 891 neque
1295 833 1429 877 extra

789 901 964 950 valeret
988 903 1248 952 necessaria

787 995 1008 1029 exercere
1033 980 1237 1046 negotia.

853 1057 1070 1123 Intelligit
1093 1058 1342 1123 episcopus

785 1133 912 1198 quod
937 1151 1104 1184 verum
1129 1135 1242 1184 dicit
1265 1136 1494 1201 populuS‚

784 1210 867 1260 sed
892 1230 919 1260 a
945 1214 1148 1277 Symone
1174 1219 1362 1262 coactus

783 1292 836 1336 ut
859 1289 1069 1337 attendat
1094 1288 1238 1338 fidem
1264 1289 1382 1355 ejus,

846 1365 884 1414 si
910 1366 1105 1415 deberet
1130 1367 1307 1415 exulari

777 1447 825 1490 et
847 1442 1045 1498 adversa
1069 1443 1215 1492 multa
1239 1444 1335 1509 pati

777 1525 825 1567 et
849 1519 908 1567 ab
933 1520 1111 1568 honore
1137 1520 1327 1585 deponi,

841 1603 1030 1660 oportet
1053 1603 1211 1645 tamen
1235 1598 1472 1663 presulem

776 1679 856 1722 aut
881 1674 1118 1722 volentem
1143 1680 1223 1724 aut
1246 1676 1482 1724 nolentem

772 1767 1054 1799 conservare
1079 1768 1212 1799 suam
1237 1752 1398 1800 fidem.

838 1831 954 1876 Nam
979 1829 1227 1877 consulunt
1252 1828 1340 1878 sibi
1362 1845 1526 1878 omnes

770 1904 1058 1969 archipresul
1084 1911 1131 1953 et
1154 1907 1369 1971 presules

767 1986 820 2029 ut
845 1987 1063 2030 servetur
1088 1982 1196 2031 data
1219 1982 1355 2041 fides,

766 2058 976 2123 talesque
1002 2059 1149 2107 donet
1174 2060 1364 2109 obsides

832 2138 1009 2201 Symon
1034 2136 1109 2184 ille
1135 2136 1194 2185 de
1219 2138 1410 2186 castello

766 2212 893 2275 quod
919 2214 1080 2276 presul
1106 2219 1154 2261 et
1178 2214 1446 2263 communio

763 2289 857 2337 sint
880 2290 1022 2354 positi
1046 2290 1094 2338 in
1120 2308 1285 2339 securo

762 2365 850 2414 sub
875 2371 1090 2430 tempore
1116 2373 1362 2431 perpetuo,

829 2445 896 2491 Ita
921 2444 1113 2492 mandat
1134 2444 1193 2492 ad
1218 2444 1464 2494 Thumium

760 2526 982 2585 nepotem
1006 2521 1167 2569 venire
1193 2539 1331 2571 suum

758 2597 968 2661 recipere
991 2598 1348 2648 Sanctobertum

745 2674 1057 2730 concessione
1081 2675 1255 2724 civium

821 2756 868 2799 et
892 2750 1081 2799 obsides
1106 2753 1331 2801 exhibere

755 2832 806 2875 ut
832 2827 1150 2892 spoponderat
1175 2829 1329 2879 facere
