2092 3490
510 356 571 391 220
1140 351 1277 389 GESTA

802 443 925 492 unde
950 442 1105 491 redire
1131 442 1329 501 dubitat,

513 521 607 570 326
868 536 924 568 eo
950 519 1077 582 quod
1102 520 1317 584 Symonis
1339 521 1508 570 domus

800 595 1033 644 confracta
1057 602 1128 643 est
1152 613 1177 644 a
1202 596 1383 646 civibus

801 671 860 721 de
885 688 999 736 pace
1026 688 1119 720 non
1144 672 1414 721 curantibus

801 765 942 812 quam
968 747 1195 812 querebat
1216 748 1482 814 episcopus.

514 826 607 875 327
866 828 924 873 Et
948 825 1056 889 quia
1080 842 1174 890 pax
1198 825 1425 874 refutatur

800 908 942 965 atque
965 902 1126 967 presul
1150 902 1422 966 despicitur,

800 978 922 1027 hene
946 978 1110 1027 fecisse
1135 978 1306 1027 dicitur

802 1055 930 1120 quod
955 1055 1060 1103 urbi
1085 1072 1179 1103 non
1205 1055 1486 1121 regreditur.

512 1134 603 1183 328
864 1136 980 1181 Nam
1006 1132 1216 1190 abbates,
1244 1132 1374 1196 pacis
1398 1132 1505 1190 viri,

800 1214 848 1258 et
872 1209 1066 1273 quidam
1090 1209 1217 1258 cives
1241 1209 1390 1258 intimi

798 1286 961 1334 fideles
983 1292 1030 1334 et
1053 1285 1257 1334 benivoli

794 1363 893 1429 jam
917 1363 1249 1411 consuluerant
1272 1363 1314 1410 ei

801 1440 923 1488 inter
947 1456 1029 1488 eos
1053 1456 1148 1487 non
1173 1440 1366 1497 morari,

511 1519 605 1568 329
867 1517 950 1565 sed
976 1516 1035 1564 ab
1061 1516 1128 1564 eis
1154 1533 1203 1565 se
1227 1517 1375 1564 vitare

799 1599 848 1642 et
872 1594 932 1642 ad
955 1598 1144 1657 tempus
1168 1593 1427 1652 discedere,

800 1671 864 1719 ibi
888 1687 1004 1719 vero
1028 1670 1237 1718 habitare

797 1747 878 1797 ubi
902 1752 1003 1795 tuto
1029 1747 1088 1794 sit
1112 1762 1331 1812 corpore.

510 1828 602 1874 330
863 1824 984 1873 Talis
1008 1824 1133 1872 enim
1158 1829 1320 1889 posset
1344 1823 1486 1872 homo

798 1901 995 1950 interfici
1019 1901 1224 1950 fortunio
1255 1919 1263 1948 :

799 1977 923 2027 unde
947 1977 1050 2042 ipse
1074 1978 1121 2025 in
1147 1977 1354 2025 maximo

798 2061 1062 2103 remaneret
1086 2054 1311 2119 periculo.

651 2212 802 2266 Quod
826 2213 1013 2265 presul
1038 2212 1110 2255 ad
1136 2211 1418 2255 Thumium
1446 2180 1763 2264 confugerit.

510 2361 593 2407 33⁴
865 2357 1148 2420 Relinquens
1173 2372 1287 2421 ergo
1311 2356 1559 2420 proprium

798 2433 936 2498 hujus
961 2433 1085 2481 sedis
1110 2432 1365 2496 hospitium

798 2527 886 2575 per
910 2516 1153 2574 acceptum
1178 2509 1422 2558 consilium

798 2587 1062 2652 hospitatur
1087 2587 1146 2635 ad
1171 2586 1442 2635 Thumium1
1476 2604 1485 2634 :

557 2731 589 2767 1.
618 2730 798 2767 Lambert
811 2730 857 2767 de
869 2729 1065 2766 Watrelos
1086 2728 1143 2766 dit
1162 2740 1235 2776 que
1254 2728 1422 2777 l'eveque
1443 2739 1482 2765 se
1503 2727 1618 2766 retira
1632 2727 1655 2764 a
1668 2726 1761 2774 Oisy
1777 2728 1826 2774 (p.
1842 2727 1910 2763 514

510 2790 640 2835 extr.);
663 2800 705 2826 ce
725 2788 790 2837 qui
810 2793 867 2826 est
885 2799 958 2846 peu
978 2787 1169 2835 probable,
1192 2787 1353 2835 puisque
1367 2787 1463 2835 Oisy
1476 2785 1712 2834 appartenait
1725 2785 1747 2822 a
1761 2784 1909 2830 Simon,

510 2848 636 2885 tandis
657 2858 730 2895 que
749 2846 1059 2894 Thun-l’Eveque
1079 2846 1180 2883 avait
1199 2845 1258 2882 ete
1278 2846 1465 2883 construit
1483 2855 1549 2893 par
1569 2843 1738 2891 Nicolas,
1758 2847 1796 2880 et
1814 2853 1911 2880 nous
