2092 3490
490 323 529 356 80
1120 321 1254 355 GESTA

779 426 866 474 per
890 410 979 459 hoc
1002 410 1178 459 fraudis
1203 411 1476 460 dominium.

487 488 581 536 460
842 491 939 536 Hoc
964 504 1057 535 non
1083 492 1155 535 est
1178 504 1271 552 pax
1295 504 1381 536 nec
1405 488 1608 552 requieS‚

776 563 859 611 sed
885 569 957 612 est
981 563 1117 612 dolor
1141 568 1188 612 et
1212 563 1367 613 rabies
1396 582 1407 612 ε

774 657 893 705 quae
917 640 1027 689 fecit
1050 640 1139 689 hoc
1162 640 1223 689 sit
1247 641 1396 690 milies

773 717 1018 766 maledicta
1041 717 1308 784 progenies.

483 794 568 842 461
838 794 958 853 Quid
983 794 1236 844 Galcherus
1259 794 1510 859 posteriuS‚

772 872 845 920 vir
871 872 1055 936 sapiens
1080 877 1126 920 et
1147 873 1395 937 providus,

770 965 861 1013 pro
885 950 957 997 his
981 949 1091 998 fecit
1114 950 1356 1015 exlegibus

770 1027 866 1075 suis
890 1043 1126 1091 apponam
1150 1027 1347 1076 actibus.

479 1103 575 1152 462
835 1104 930 1153 Sub
956 1120 1106 1168 parvo
1130 1104 1254 1152 enim
1279 1109 1493 1169 tempore

768 1197 855 1245 per
879 1197 1041 1246 regem
1065 1181 1363 1230 Alemanniae

768 1274 854 1321 per
877 1258 1190 1321 comitemque
1214 1258 1454 1307 Flandriae

769 1334 1073 1383 Godeiridum
1099 1334 1309 1399 penitere

767 1428 878 1461 suae
903 1411 1011 1460 fecit
1034 1411 1262 1460 maliciae.

475 1487 570 1535 463
833 1491 938 1552 Ipse
963 1487 1107 1536 enim1
1135 1488 1415 1537 Godefridus

765 1565 1003 1613 consultus
1028 1583 1055 1613 a
1078 1565 1295 1614 fidelibus

763 1658 821 1690 ne
845 1642 1059 1690 obviaret
1083 1642 1284 1707 amplius

761 1718 875 1767 viris
899 1718 1221 1783 imperialibus

470 1792 567 1840 464
827 1793 1102 1843 Galcherum
1129 1794 1227 1843 sine
1252 1796 1413 1859 requie

762 1870 988 1919 nitentem
1013 1888 1094 1920 eos
1121 1872 1278 1920 ledere

760 1965 964 2012 quorum
988 1965 1138 2013 pravo
1163 1949 1424 1997 hortamine

759 2026 943 2091 fugarat
968 2042 1077 2074 eum
1100 2031 1280 2075 temere

469 2102 564 2150 465
825 2103 911 2151 hac
935 2103 983 2151 in
1007 2103 1125 2151 urbe
1150 2103 1362 2167 reposuit

759 2185 807 2226 et
831 2179 878 2227 in
905 2179 1048 2227 domo
1073 2179 1278 2227 restituit
1308 2197 1318 2226 :

759 2256 912 2304 clerus
936 2261 984 2303 et
1007 2256 1142 2320 plebs
1168 2255 1274 2303 hinc
1299 2254 1464 2311 doluit,

755 2337 1082 2380 verumtamen
1107 2349 1201 2380 non
1228 2332 1407 2380 abnuit.

549 2482 701 2536 Quod.
727 2482 1025 2525 Manasses
1058 2482 1269 2525 relictis
1301 2480 1787 2525 cameracensibus

587 2553 831 2607 pontifex
851 2553 1167 2597 suessionis
1188 2564 1223 2596 a
1241 2563 1386 2606 papa
1405 2552 1480 2596 sit
1501 2551 1742 2596 effectus.

463 2692 558 2740 466
821 2693 1072 2742 Galcherus
1097 2693 1175 2740 illo
1200 2697 1416 2756 tempore

510 2822 541 2856 1.
570 2823 681 2858 enim.
704 2820 810 2858 Dans
831 2820 867 2858 le
888 2831 960 2858 ms.
983 2820 1185 2858 au-dessus
1207 2820 1253 2856 de
1274 2820 1310 2857 la
1329 2819 1443 2868 ligne.
