2092 3490
489 344 499 376 1
507 341 545 376 76
1116 342 1247 381 GESTA

774 430 1008 480 Cameraci
1033 431 1320 480 aecclesiam.

515 510 577 559 20
837 510 954 556 Ecce
978 507 1147 556 horum
1171 508 1356 568 intuitu,

770 584 964 633 consilio
989 590 1037 633 et
1058 577 1256 644 monitu,

770 667 935 709 vocato
958 663 1125 710 Sancto
1148 661 1323 726 Spiritu

768 738 928 802 presul
950 754 1147 802 presens
1169 738 1375 804 eligitur1

509 817 562 866 21
833 815 1078 864 Nicholaus
1103 815 1372 880 prepositus

766 892 993 941 oriundus
1017 893 1250 942 nobilibus

765 970 902 1035 longe
927 970 1050 1018 notis
1074 969 1396 1035 parentibus²‚

763 1052 925 1112 gratus
948 1046 1044 1094 vita
1069 1052 1116 1095 et
1140 1046 1368 1106 moribus,

504 1123 568 1175 22
828 1124 876 1172 in
900 1124 985 1172 hac
1009 1129 1169 1172 nostra
1194 1124 1414 1172 aecclesia

762 1201 963 1250 nutritus
986 1200 1045 1249 ab
1070 1200 1277 1259 infantia,

760 1277 938 1327 cunctis
962 1277 1167 1342 prebens
1192 1276 1382 1326 servitia

758 1355 1013 1404 humilitate
1039 1355 1196 1404 nimia.

499 1435 563 1483 23
824 1435 950 1491 Quae
974 1433 1126 1481 virtus
1150 1437 1222 1481 est
1245 1431 1488 1481 laudabilis

755 1514 896 1574 atque
920 1513 1016 1558 Deo
1039 1509 1253 1557 amabilis

756 1591 804 1634 et
828 1586 997 1652 dignus
1020 1591 1092 1634 est
1116 1602 1202 1650 pre
1225 1585 1392 1634 ceteris

753 1668 806 1711 ut
830 1663 1061 1711 exaltetur
1084 1662 1288 1711 humilis.

495 1738 560 1791 24
819 1740 1029 1789 Electum
1054 1756 1168 1805 ergo
1194 1738 1431 1805 presulem

751 1816 902 1865 bonae
927 1816 1095 1865 indolis
1115 1817 1338 1882 juvenem

751 1893 809 1942 ad
835 1894 1100 1959 presulatus
1125 1893 1336 1959 regimen

750 1971 921 2018 exaltat
945 1973 1067 2019 Deus
1091 1970 1334 2019 humilem.

490 2049 553 2098 25
815 2048 896 2097 Cui
922 2048 1136 2096 consultu
1162 2047 1446 2111 principum,

748 2123 971 2172 electione
996 2123 1258 2188 presulum,

747 2217 864 2249 voce
888 2200 1294 2250 Cameracensium

747 2277 829 2325 dat
853 2277 942 2326 sibi
967 2277 1258 2342 pontificium

486 2353 548 2404 26
810 2369 941 2402 cesar
965 2353 1053 2402 sub
1078 2353 1167 2401 illis
1189 2351 1371 2417 legibus

502 2535 534 2571 1.
563 2533 663 2572 C'est
688 2534 724 2572 le
744 2535 830 2583 jour
856 2536 982 2572 meme
1001 2534 1048 2571 de
1067 2533 1103 2570 la
1122 2534 1196 2571 sete
1217 2534 1264 2571 de
1284 2533 1433 2582 Paques
1455 2532 1512 2580 (22
1531 2533 1646 2583 mars)
1669 2531 1759 2571 1136
1778 2543 1853 2581 que

452 2604 492 2630 se
514 2594 554 2630 fit
573 2594 759 2631 l’election
781 2593 826 2631 de
846 2593 999 2631 Nicolas
1021 2593 1169 2641 (Lamb.
1190 2592 1374 2641 Watrel.‚
1396 2604 1432 2640 p.
1455 2593 1550 2641 514).

498 2652 532 2688 2.
560 2653 730 2700 Nicolas,
761 2652 983 2690 surnomme
1009 2652 1148 2690 Clairet
1170 2654 1304 2700 (comp,
1331 2651 1416 2699 plus
1442 2651 1538 2688 haut
1556 2662 1592 2699 p.
1623 2650 1704 2699 172,
1734 2652 1851 2699 note),

450 2711 543 2749 etait
562 2712 621 2749 fils
640 2712 802 2761 d’Isaac‚
824 2712 904 2760 pair
924 2713 975 2749 du
994 2712 1152 2749 chateau
1173 2712 1219 2749 de
1239 2713 1363 2758 Mons,
1385 2710 1431 2747 de
1451 2710 1729 2748 Valenciennes
1748 2714 1786 2747 et
1803 2709 1850 2746 de

449 2772 664 2809 Beaumont
684 2774 869 2818 (Balduin.
889 2773 1033 2815 Avesn„
1051 2782 1087 2819 p.
1106 2771 1189 2809 289.
1206 2791 1250 2798 —
1265 2773 1342 2809 Rea.
1359 2772 1418 2807 des
1432 2771 1526 2808 Hz‘st.
1543 2772 1584 2806 de
1597 2771 1672 2815 Fr„
1690 2774 1716 2807 t.
1733 2769 1847 2817 XIII,

448 2842 486 2880 p.
510 2831 591 2877 552,
612 2835 690 2874 not,
712 2832 758 2879 b).
