2092 3490
495 340 552 374 138

495 506 585 552 413

493 810 584 858 414

492 1119 582 1164 445

490 1428 580 1474 446

487 1739 579 1785 447
665 1807 669 1810 ι

486 2046 577 2092 418

486 2353 577 2399 419

485 2662 576 2710 120

1127 336 1259 369 GESTA

785 440 926 488 quam
952 424 1018 471 sic
1041 427 1163 472 Deus
1187 424 1469 490 magnificat.

849 504 1047 549 Mutatus
1072 501 1154 548 Dei
1178 500 1371 550 dextera

785 578 1089 627 commutavit
1113 584 1158 626 et
1186 594 1329 643 opera

784 671 834 705 se
860 671 1083 704 exercens
1109 672 1195 720 per
1219 656 1374 704 omnia

780 732 1016 797 religionis
1040 732 1218 798 regula.

845 809 1065 868 Quamvis
1090 809 1214 857 enim
1240 810 1299 858 sit
1324 810 1466 859 laicus

780 886 895 934 vivit
921 891 1077 934 tamen
1103 892 1154 935 ut
1177 887 1432 936 monachus

781 980 944 1011 carens
970 963 1336 1028 proprietatibus

779 1039 1035 1104 mundique
1060 1040 1360 1089 vanitatibus.

845 1117 993 1167 vestit
1018 1118 1141 1165 enim
1167 1134 1216 1166 se
1241 1118 1396 1167 viliter

778 1200 824 1243 et
851 1195 1089 1259 componit
1116 1194 1368 1253 humiliter,

779 1288 872 1319 non
896 1272 1078 1336 profert
1103 1271 1250 1320 verba
1275 1272 1440 1322 leviter

781 1348 863 1397 sed
889 1349 1132 1397 continens
1158 1350 1401 1415 sagaciter.

842 1426 1016 1474 Divinis
1042 1442 1231 1490 semper
1256 1427 1437 1493 legibus

777 1503 1017 1552 intendere
1043 1503 1267 1552 sollicitus

777 1586 858 1628 aut
882 1581 1053 1629 sanctis
1078 1581 1172 1629 est¹
1201 1582 1247 1629 in
1271 1582 1490 1646 precibus

778 1663 856 1706 aut
883 1658 930 1705 in
955 1658 1091 1706 bonis
1116 1659 1356 1723 operibus.

839 1738 990 1800 Super
1015 1736 1213 1786 virtutes
1237 1737 1348 1786 alias

776 1813 836 1862 ad
860 1813 1098 1878 orphanos
1123 1819 1170 1862 et
1194 1814 1376 1874 viduas,

773 1890 832 1938 ad
859 1890 1068 1954 hospites
1093 1895 1140 1938 et
1165 1890 1370 1940 advenas

777 1973 908 2015 curat
934 1967 1047 2015 dare
1074 1968 1374 2017 substantias.

841 2046 1012 2092 Servus
1038 2044 1120 2093 Dei
1145 2050 1192 2092 et
1217 2044 1460 2094 hominum

775 2120 1000 2168 obediens
1026 2126 1097 2169 est
1122 2121 1318 2170 nimium

774 2198 1031 2261 receptioni
1052 2215 1317 2262 pauperum

775 2290 826 2322 se
851 2274 1075 2322 inclinans
1100 2279 1152 2322 ut
1175 2275 1415 2324 famulum.

840 2353 955 2398 Nam
980 2351 1080 2415 ipse
1107 2351 1284 2400 nullum
1310 2352 1507 2417 despicit

775 2428 859 2476 sed
884 2444 1003 2491 eque
1029 2445 1194 2477 omnes
1220 2429 1403 2493 recipit,

775 2506 1071 2570 amplectitur
1095 2511 1142 2553 et
1167 2505 1333 2571 diligit,

776 2583 900 2631 lavat
920 2582 1068 2646 pedes
1094 2589 1142 2631 et
1166 2583 1332 2631 reficit.

840 2660 965 2709 Sicut
990 2666 1171 2725 patrem
1197 2660 1262 2709 sic
1286 2676 1560 2725 pauperem,

532 2832 564 2868 sl.
594 2831 788 2887 est3Dans
810 2831 844 2868 le
863 2842 935 2868 ms.
960 2831 1163 2869 au-dessus
1185 2831 1229 2868 de
1250 2832 1285 2868 la
1305 2831 1417 2879 ligne.
