2092 3490
253 453 348 504 290

254 762 342 813 291
417 800 434 813 ,

256 1072 354 1123 292

256 1384 352 1435 293

256 1692 354 1745 294

179 2052 182 2054 ,
258 2007 354 2057 295

260 2318 356 2367 296

260 2631 355 2681 297

865 356 1050 390 NIGOLAI.

613 449 684 498 Ob
709 448 799 497 hoc
822 447 894 496 sui
919 446 1052 495 sunt¹
1081 447 1306 495 commoti

545 533 592 577 et
613 531 837 592 parentes
858 530 906 574 et
929 524 1086 583 amici,

545 604 722 670 quippe
747 603 829 668 qui
852 619 948 651 non
972 607 1173 668 possunt
1196 603 1295 667 pati

459 731 465 735 f
545 682 677 735 illum
701 681 1033 730 exhereditari.

613 758 686 808 Ad
711 760 967 824 Symonem
991 757 1292 816 conveniunt,

549 836 851 885 consolantur
874 841 923 885 et
948 835 1232 901 promittunt

549 914 660 980 quia
684 913 816 963 illum
840 913 1130 979 adjuvabunt

549 997 778 1056 quantum
799 991 965 1057 juvare
988 995 1231 1055 poterunt.

616 1072 741 1135 Ergo
765 1069 889 1117 circa
913 1068 1135 1117 universa

548 1147 688 1213 hujus
711 1152 869 1196 terrae
893 1146 1095 1195 confinia

549 1225 720 1275 ardent
742 1224 894 1283 villas,
921 1229 1109 1273 vastant
1130 1229 1302 1282 terras,

549 1307 740 1368 captant
762 1301 893 1351 viros
918 1307 967 1351 et
990 1300 1182 1350 bestias.

618 1379 872 1430 Ordinibus
896 1385 1098 1445 parcunt
1123 1379 1279 1437 nullis,

550 1476 637 1508 nec
663 1457 844 1507 clericis
869 1474 956 1507 nec
981 1457 1241 1514 monachis,

551 1553 639 1586 nec
664 1536 761 1585 suis
786 1535 1045 1594 beneficiis,

553 1620 748 1664 cunctos
773 1615 996 1680 frangunt
1020 1613 1124 1662 dies
1147 1613 1294 1677 pacis.

617 1692 876 1742 Christiana
901 1698 948 1741 et
973 1691 1220 1757 prophana

551 1770 807 1820 commixta
832 1776 943 1819 sunt
966 1769 1206 1827 universa,

551 1848 672 1898 infra
696 1849 866 1898 urbem
883 1852 1030 1913 atque
1055 1853 1188 1896 extra

553 1927 679 1976 nulla
703 1932 863 1975 manet
886 1925 1055 1974 leticia.

619 2007 736 2053 Nam
761 2004 951 2053 dolores
976 2009 1024 2052 et
1047 2003 1281 2067 lacrymae

552 2097 644 2146 que
665 2080 890 2130 videntur
913 2079 1086 2129 cotidie

553 2158 910 2223 destructioque
934 2157 1115 2224 patriae

553 2237 663 2286 facit
687 2253 855 2286 omnes
879 2235 1150 2292 condolere,

620 2320 668 2363 et
690 2330 957 2380 pauperum
981 2312 1196 2370 tristicia,

555 2392 797 2451 contritio,
825 2391 1016 2442 miseria

553 2471 622 2521 sic
644 2471 815 2520 divites
840 2471 1123 2520 exterminat

552 2549 681 2614 quod
706 2565 847 2598 nemo
873 2554 946 2598 est
968 2547 1083 2614 quin
1107 2547 1281 2604 doleat,

620 2626 905 2692 quicumque
929 2627 1065 2676 timet
1088 2625 1358 2681 Dominum,

316 2803 345 2838 l.
373 2806 475 2862 sunt.
499 2800 606 2837 Dans
626 2799 662 2838 le
680 2810 753 2837 ms.
775 2799 982 2837 au-dessus
1002 2799 1050 2836 de
1070 2797 1106 2835 la
1127 2797 1242 2845 ligne.

1604 360 1667 396 ‘215
