2092 3490
846 337 1073 372 GALCHERI.
1623 345 1664 379 23

539 431 650 492 post
673 426 758 476 Dei
783 427 1130 478 sustinentiam.

254 506 338 557 121
611 506 738 564 Quos
762 504 900 554 donis
925 506 1092 571 nequit
1115 506 1332 574 frangere

542 582 789 648 frangebat
813 584 1091 634 fortitudine

542 665 591 709 et
614 676 736 724 quos
759 676 855 709 non
878 661 1006 711 valet
1028 677 1227 711 munere

544 736 592 786 vi
617 737 862 787 laborabat
885 739 1095 789 vincere.

253 814 346 866 122
608 818 740 864 Nunc
765 815 943 865 assultu
969 822 1017 865 et
1040 817 1214 883 gladio,

545 909 669 942 nunc
694 892 817 942 fame
843 899 891 942 et
915 893 1134 944 incendio

543 970 754 1019 terrebat
778 969 940 1019 hostes
963 971 1212 1036 improbos

545 1047 797 1097 auxiliante
820 1047 1041 1098 Domino.

251 1124 345 1176 123
609 1125 728 1175 Goih
753 1131 963 1175 castrum
988 1126 1118 1192 quod
1142 1127 1295 1178 fuerat

544 1202 688 1253 situm
713 1203 762 1251 in
785 1204 1071 1271 arrogantia,

511 1295 517 1300 ·
547 1281 673 1346 cepit
697 1281 826 1330 idem
849 1282 898 1330 vi
923 1283 1130 1332 maxima

545 1358 628 1408 Dei
648 1358 845 1425 juvante
870 1359 1040 1425 gratia.

254 1436 348 1487 ⁴24
610 1437 680 1487 Ibi
704 1454 822 1486 vero
848 1438 1158 1495 Amolricum,

546 1515 786 1581 quendam
811 1532 1008 1566 suorum
1033 1516 1260 1575 hostium,

547 1599 741 1658 captum
765 1593 895 1643 misit
920 1593 967 1642 in
993 1594 1252 1652 vinculum,

545 1676 713 1720 tenens
738 1687 827 1736 per
851 1688 1029 1721 annum
1054 1672 1310 1738 integrum.

254 1749 348 1800 125
611 1751 761 1808 Quem
786 1749 1030 1798 horrendo
1054 1750 1100 1798 in
1127 1766 1317 1799 carcere

548 1827 691 1892 longo
717 1826 997 1876 distractum
1022 1833 1240 1893 tempore

546 1902 750 1968 penituit
773 1903 976 1953 malitiae

547 1998 692 2046 quam
717 1981 892 2031 fecerat
915 1982 1184 2031 aecclesiae.

255 2060 348 2110 126
613 2059 821 2110 Tandem
848 2060 1030 2109 solutus
1054 2061 1253 2110 vinculis

545 2142 688 2202 atque
713 2137 879 2186 dolore
904 2138 1124 2197 carceris,

546 2216 720 2265 mansit
744 2216 792 2264 in
818 2217 914 2266 fide
939 2217 1121 2266 stabilis

548 2294 727 2344 Galceri
752 2295 911 2361 magni
936 2296 1202 2361 principis¹.

302 2442 336 2479 1.
364 2441 399 2479 Il
418 2453 467 2480 ne
486 2442 555 2480 dut
573 2443 774 2481 demeurer
793 2443 905 2482 fidele
925 2455 1000 2494 que
1019 2445 1111 2483 bien
1132 2456 1207 2494 peu
1228 2445 1276 2483 de
1297 2450 1422 2493 temps
1445 2459 1452 2483 :
1481 2457 1545 2484 car
1572 2446 1599 2482 il
1628 2457 1677 2483 ne

252 2505 347 2550 peut
376 2502 484 2539 avoir
514 2501 574 2540 ete
606 2502 675 2541 fait
709 2503 927 2552 prisonnier
959 2516 1034 2554 que
1066 2505 1162 2542 dans
1195 2506 1231 2542 le
1263 2510 1422 2544 courant
1453 2505 1504 2542 du
1536 2506 1677 2543 second

256 2566 440 2599 semestre
460 2561 620 2600 ‹ie-1094
640 2568 781 2612 (comp.
802 2563 891 2612 plus
905 2564 1050 2614 haut-p.
1067 2564 1127 2611 20,
1144 2570 1224 2602 not.
1243 2566 1293 2613 1),
1309 2569 1360 2611 et,
1376 2565 1483 2602 etant
1497 2565 1678 2602 demeure

254 2630 304 2657 en
323 2619 456 2668 prison
481 2632 559 2659 une
586 2621 711 2669 annea
741 2623 889 2660 entiere
909 2623 1048 2672 (comp.
1077 2628 1145 2660 str.
1171 2624 1273 2671 124),
1301 2623 1328 2660 il
1348 2624 1411 2661 n'a
1440 2623 1500 2661 ete
1528 2623 1603 2661 mis
1628 2635 1677 2661 en

254 2678 390 2716 liberte
408 2690 483 2728 que
501 2686 595 2719 vert¹
608 2680 645 2718 la
661 2681 718 2719 fin
736 2681 783 2720 de
797 2683 888 2720 1095
905 2687 944 2720 et
962 2694 1030 2731 par
1049 2683 1287 2731 consequent
1305 2694 1379 2731 peu
1399 2687 1515 2721 avant
1535 2683 1570 2720 le
1590 2694 1678 2720 con—

256 2738 328 2777 cile
347 2738 395 2778 de
413 2725 622 2779 Clermofit.
645 2740 712 2790 Or,
732 2743 895 2780 aussitot
908 2743 1018 2791 apres
1032 2743 1070 2781 la
1084 2743 1297 2791 deposition
1319 2743 1366 2780 de
1386 2743 1563 2781 Gaucher
1582 2743 1677 2780 dans

257 2810 300 2837 ce
319 2800 478 2847 concile,
493 2798 591 2839 nous
611 2801 646 2839 le
666 2813 824 2840 verrons
845 2814 886 2840 se
902 2803 1052 2851 joindre
1072 2803 1119 2841 de
1139 2814 1315 2841 nouveau
1335 2814 1409 2840 aux
1430 2803 1605 2841 ennemis
1626 2803 1676 2840 du

258 2859 380 2908 prelat
401 2862 536 2909 (comp.
559 2861 644 2910 plus
665 2861 731 2899 bas
751 2867 818 2900 str.
841 2862 910 2901 ‘2⁶26
931 2863 1059 2912 suiv.).
