2092 3490
460 356 517 396 182
868 343 872 354 ¹
1092 352 1227 391 casm

489 449 539 494 61
810 441 972 491 Presul
996 440 1178 490 laborat
1202 442 1373 491 iterum

746 520 944 569 liberare
971 523 1161 583 captum
1186 535 1323 568 suum

745 595 804 645 de
828 595 988 644 furore
1012 599 1084 643 tot
1107 594 1351 644 hominum

745 673 834 722 sibi
858 671 1213 721 inimicantium.

486 754 549 803 62
808 752 936 798 Inter
960 748 1177 797 hostilem
1202 747 1350 796 aciem

743 826 910 876 transit
933 826 1094 891 presul
1119 825 1314 874 domum
1336 842 1469 875 suam

743 903 824 953 ubi
849 903 1109 953 Gerardum
1133 903 1330 952 militem

741 980 963 1046 perduxit
987 981 1034 1030 in
1059 980 1337 1030 custodiam.

496 1149 577 1193 De
607 1148 912 1193 redditione
944 1148 1088 1191 Novi
1118 1147 1342 1192 castelli
1374 1148 1430 1192 et
1461 1146 1802 1192 absolutione
1847 1127 1853 1132 ⁷

1024 1219 1271 1263 Gerardi.

481 1373 541 1419 63
805 1369 900 1418 Sub
927 1369 1002 1418 die
1027 1375 1184 1418 autem
1208 1370 1354 1419 tercio

739 1462 833 1495 non
857 1452 1035 1494 temere
1061 1463 1148 1495 nec
1173 1446 1328 1495 subito

737 1524 821 1573 sed
846 1524 1084 1573 communi
1109 1524 1301 1573 consilio

735 1604 789 1651 fit
813 1603 1038 1668 placitum
1063 1603 1123 1651 de
1147 1603 1373 1652 Gerardo.

478 1681 539 1730 64
802 1682 1036 1729 Statutum
1060 1697 1176 1729 vero
1200 1681 1358 1746 placiti

736 1763 783 1807 et
807 1757 1024 1806 ordinem
1047 1758 1225 1807 consilii

734 1835 842 1883 volo
867 1835 1016 1884 sciant
1039 1836 1242 1884 universi

735 1918 832 1961 tam
857 1917 1103 1977 presentes
1129 1929 1272 1977 quam
1293 1912 1438 1962 futuri
1469 1931 1478 1961 :

477 1993 537 2038 65
800 1994 871 2038 est
896 1990 1021 2038 enim
1046 1990 1310 2039 necessaria

734 2067 849 2115 haec
874 2067 1045 2132 pactio,
1075 2067 1191 2116 haec
1215 2066 1364 2133 gratia

734 2149 786 2193 ut
810 2144 946 2193 nobis
971 2144 1018 2192 in
1043 2149 1274 2209 perpetua

732 2221 961 2270 habeatur
985 2221 1229 2270 memoria.

475 2301 536 2347 66
797 2301 847 2347 In
872 2304 1128 2363 conspectu
1152 2298 1403 2364 insignium

731 2373 948 2423 videlicet
973 2379 1257 2433 casatorum,
1400 2365 1402 2367 ’

733 2450 1011 2499 clericorum
1035 2456 1082 2499 et
1106 2450 1281 2499 civium

732 2527 966 2578 Gerardus
990 2531 1174 2577 Novum
1197 2528 1448 2578 Castellum

723 2605 889 2654 reddit
912 2604 1092 2669 pastori
1116 2605 1314 2654 liberum
1347 2623 1357 2653 :

473 2685 534 2730 67
794 2682 1057 2746 horumque
1082 2682 1128 2730 in
1155 2683 1390 2747 presentia

731 2766 885 2809 cetera
910 2759 1135 2808 beneficia

730 2836 908 2902 pastori
933 2836 1213 2902 pertinentia
