2092 3490
498 355 554 390 146

526 448 587 497 25

521 754 582 803 26

520 1061 581 1110 27

520 1368 580 1417 28

518 1674 580 1724 29

520 1983 578 2027 30

519 2289 568 2335 31

518 2591 579 2641 32

1122 354 1257 389 ΘΕΒΤΑ

752 450 916 509 utpote
940 444 1020 507 qui
1045 449 1146 492 erat
1169 443 1415 493 instinctus
1438 444 1623 501 litteris,

686 527 878 570 ornatus
903 520 1043 569 etiam
1067 520 1279 570 moribus
1300 521 1491 585 optimis

683 603 730 646 et
751 597 811 646 de
833 596 1076 645 ordinibus
1097 596 1436 655 ecclesiasticis,

682 675 860 723 facetus
881 678 928 722 et
951 673 1161 738 prudens
1186 679 1232 722 et
1257 673 1559 722 honorabilis.

747 751 833 809 Qui
858 750 1047 815 placens
1070 750 1289 799 omnibus
1312 766 1401 815 per
1425 767 1508 799 sua
1532 749 1699 799 merita

682 834 821 893 atque
844 845 933 893 per
955 844 1164 894 congrua
1188 830 1288 892 ejus
1313 827 1520 886 servitia,

680 905 865 954 Henrici
890 905 1064 954 cesaris
1089 905 1259 954 mansit
1282 905 1329 953 in
1352 904 1480 953 curia

681 988 733 1031 ut
756 982 936 1047 probus
961 982 1157 1031 clericus
1180 988 1228 1031 et
1252 987 1416 1031 cautus
1441 980 1652 1030 vernula.

746 1063 877 1109 Hunc
901 1076 1034 1109 cesar
1058 1059 1255 1124 diligens
1278 1076 1368 1123 pro
1394 1058 1490 1107 suis
1512 1058 1692 1106 actibus

681 1135 884 1200 acceptis
907 1140 1005 1184 tam
1029 1139 1125 1184 Deo
1148 1152 1291 1199 quam
1315 1140 1363 1184 et
1385 1133 1670 1192 hominibus,

676 1211 853 1277 judicat
877 1212 1022 1260 affore
1047 1212 1246 1277 dignum
1268 1212 1317 1260 in
1342 1211 1561 1260 omnibus

680 1294 865 1338 sanctae
890 1289 1136 1338 aecclesiae
1162 1288 1516 1353 prelationibus.

744 1365 861 1417 Hinc
884 1382 972 1430 per
993 1366 1241 1430 epistolam
1265 1371 1539 1429 certumque
1564 1364 1778 1413 nuntium

680 1443 805 1491 clero
831 1448 877 1491 et
902 1443 1079 1507 populo
1106 1442 1509 1492 Cameracensium

679 1520 871 1568 mandat
894 1526 942 1568 et
965 1520 1164 1569 consulit
1186 1526 1240 1569 ut
1262 1521 1310 1568 in
1335 1520 1610 1584 episcopum

679 1597 1003 1646 Burchardum
1026 1597 1199 1663 eligant
1222 1614 1358 1646 suum
1384 1596 1691 1646 carissimum.

744 1673 978 1722 Promittit
1002 1674 1143 1722 etiam
1166 1674 1292 1722 bona
1314 1673 1563 1722 aecclesiae

679 1749 804 1798 intus
829 1756 876 1798 et
900 1750 1076 1799 deforis
1101 1756 1266 1799 cuncta
1291 1751 1546 1800 defendere

680 1831 727 1873 et
751 1825 922 1890 quibus
949 1827 1122 1891 poterit
1144 1827 1300 1875 modis
1325 1842 1610 1884 accrescere,

679 1902 718 1952 si
742 1903 872 1951 illum
896 1903 1113 1952 studeant
1137 1904 1227 1952 sibi
1252 1904 1496 1969 preficere.

744 1980 940 2045 Cognito
965 1981 1137 2029 cesaris
1162 1981 1287 2030 bono
1313 1980 1506 2029 consilio

678 2061 725 2104 et
749 2056 872 2105 bona
897 2058 1053 2106 omnia
1076 2063 1276 2106 testante
1302 2058 1481 2116 nuntio,

677 2134 892 2197 protinus
919 2134 1039 2182 facta
1063 2141 1135 2183 est
1160 2152 1355 2184 consors
1379 2134 1543 2183 electio

679 2227 705 2258 a
731 2210 856 2259 clero
880 2211 1058 2275 pariter
1082 2218 1222 2276 atque
1248 2230 1275 2261 a
1299 2212 1494 2277 populoe

743 2286 925 2335 Electus
948 2288 1107 2351 itaque
1129 2289 1299 2352 repetit
1323 2305 1532 2336 cesarem

678 2367 724 2411 et
748 2379 879 2411 cesar
903 2363 1031 2428 eligit
1051 2364 1209 2428 ipsum
1233 2365 1278 2412 in
1305 2365 1558 2429 presulem.

679 2440 717 2487 A
743 2440 1031 2505 coepiscopis
1056 2441 1229 2490 electus
1254 2442 1410 2501 etiam,

677 2516 736 2565 ad
762 2516 851 2564 sibi
875 2517 1096 2566 traditam
1119 2518 1243 2567 redit
1267 2519 1526 2568 ecclesiam.

742 2597 799 2642 Et
823 2610 931 2643 cum
955 2595 1180 2659 recipitur
1203 2596 1382 2644 honore
1407 2595 1566 2645 debito

676 2672 1078 2721 Cameracensium
1102 2690 1129 2721 a
1154 2689 1296 2739 grege
1323 2673 1527 2731 subdito,

675 2746 835 2797 laudes
859 2754 908 2797 et
931 2748 1107 2814 gratiae
1130 2749 1394 2798 redduntur
1417 2748 1615 2798 Domino

675 2824 802 2887 quod
828 2825 894 2874 sic
919 2827 1191 2875 confirmata
1216 2831 1288 2875 est
1313 2826 1412 2892 ejus
1437 2826 1618 2874 electio.
