2092 3490
846 348 1031 381 NlCOLAI.
1597 350 1655 384 197

658 520 740 575 De
767 519 944 564 morte
977 519 1226 564 Germ-di.

238 666 331 714 166
594 665 724 712 Tunc
747 663 911 713 fideles
937 663 1148 729 episcopi

529 741 589 790 de
616 741 829 792 Gerardo
854 741 1077 791 tutissimi

533 818 663 883 quod
689 818 892 884 amplius
917 836 1012 868 non
1037 818 1238 885 poterit¹

531 896 592 945 de
617 897 836 962 captione
862 897 1000 962 eripi,

240 977 333 1024 167
598 974 722 1024 infra
745 980 956 1024 castrum
980 975 1112 1025 illum
1136 975 1348 1024 trahunt.

533 1055 686 1118 Super
710 1069 855 1118 quem
879 1054 1077 1103 omnes2
1102 1053 1306 1112 irruunt,

534 1131 828 1180 conclamant
854 1137 903 1181 et
927 1132 1218 1197 percutiunt,

493 1258 495 1260 ,
536 1210 683 1258 immo
708 1226 877 1259 necare
902 1210 1100 1276 cupiunt
1130 1228 1140 1258 ε

244 1289 337 1338 168
600 1287 830 1337 habentes
854 1288 903 1337 in
928 1288 1158 1338 memoria

534 1372 790 1432 parentum
814 1367 1085 1426 homicidia,

537 1444 707 1503 minaS‚
737 1445 929 1510 predas,
959 1445 1174 1495 incendia

538 1529 587 1573 et
611 1522 843 1588 quidquid
868 1524 936 1573 eis
962 1525 1156 1573 fecerat.

247 1603 341 1650 169
606 1604 909 1668 Quapropter
936 1602 982 1651 in
1007 1602 1205 1652 introitu

538 1696 714 1746 magno
739 1686 986 1729 currentes
1009 1673 1190 1746 impetu

541 1763 710 1806 necant
735 1775 846 1807 eum
870 1758 972 1807 sine
994 1763 1124 1807 metu

541 1836 819 1902 turpissimo
844 1837 1086 1886 interituss.

249 1917 268 1964 1
280 1917 343 1964 70
608 1917 728 1964 Nam
750 1914 1142 1964 inenarrabilibus

543 2009 718 2057 corpus
743 1992 939 2058 plenum
963 1992 1240 2042 vulneribus

545 2070 636 2119 viri
661 2087 771 2120 cum
796 2070 1075 2120 mulieribus

544 2148 819 2198 concutiunt
843 2149 1098 2214 lapidibus.

253 2229 338 2276 171
612 2226 751 2276 Plebs
772 2226 917 2293 igitur
939 2232 1040 2276 tota
1064 2226 1215 2276 credit

548 2321 670 2369 quae
695 2311 889 2370 peccata
914 2305 1015 2371 ejus
1041 2305 1175 2354 novit

523 2426 526 2430 .
548 2383 688 2432 matri
714 2384 946 2449 placuisse
971 2384 1053 2433 Dei
1086 2374 1090 2380 ⁷

549 2461 680 2525 quod
706 2456 1014 2512 sic'tirannus
1039 2462 1157 2511 obiit
1186 2480 1196 2510 t

258 2540 353 2590 172
617 2554 705 2602 per
729 2556 872 2604 quam
898 2539 1001 2605 ipse
1020 2539 1264 2605 juraverat

306 2700 340 2737 1.
371 2711 447 2736 non
462 2701 612 2747 poterit.
635 2698 742 2737 Dans
762 2699 797 2737 le
815 2711 889 2738 ms.
911 2701 1119 2739 au-dessus
1138 2700 1186 2738 de
1206 2700 1244 2737 la
1263 2700 1382 2747 ligne.

305 2761 341 2798 2.
370 2760 477 2797 Dans
497 2759 532 2798 le
551 2770 624 2796 ms.
647 2759 855 2798 au-dessus
875 2761 921 2799 de
943 2762 980 2799 la
999 2761 1104 2810 ligne
1127 2776 1134 2797 :
1157 2764 1212 2798 vel
1233 2763 1359 2796 multi.

307 2820 343 2858 3.
371 2820 517 2858 Gerard
547 2818 764 2858 Maufilatre
798 2821 895 2869 perit
928 2821 963 2859 lc
994 2822 1016 2859 6
1046 2820 1174 2869 juillet
1203 2820 1293 2857 1137
1322 2817 1471 2868 (Lamb.
1504 2817 1684 2861 Watrel.,

263 2891 301 2929 p.
325 2880 422 2927 514).
