2092 3490
301 429 362 476 35

303 739 365 785 36

304 1051 366 1098 37

306 1362 368 1409 38

307 1674 368 1720 39

306 1983 368 2033 40

307 2295 361 2344 Μ

311 2607 375 2656 42

862 257 1088 291 GALGHERI.

560 352 608 396 et
631 346 680 394 in
700 346 944 396 inversum
968 347 1188 396 vertitur.

623 426 742 472 Nam
765 430 1021 490 postquam
1041 424 1206 475 vident
1229 425 1383 475 clerici

559 501 748 567 plebem
770 501 831 550 ab
854 501 944 550 illis
968 501 1133 560 dividi,

559 584 769 629 certatur
792 579 913 629 alter
937 579 1045 646 eligi

561 656 822 707 secundum
846 657 1000 724 legem
1020 658 1223 708 Domini.

627 738 869 787 Venerunt
892 735 941 783 in
965 735 1171 801 capitulo
1195 755 1205 785 :

477 877 479 879 ι
561 812 643 862 ubi
663 813 771 879 jure
795 812 1022 862 canonico

562 891 769 940 extincta
793 896 867 940 est
891 890 1058 940 electio

562 986 683 1034 quae
707 968 851 1017 fiebat
874 986 901 1017 a
924 969 1122 1034 populo,

628 1049 738 1096 Mox
761 1047 1006 1113 elegerunt
1027 1047 1246 1107 alterum,

561 1124 836 1175 Mazelinum
860 1125 1177 1190 prepositum,

563 1201 861 1252 sacerdotem
883 1202 1166 1252 catholicum
1204 1246 1208 1250 .

562 1280 815 1345 virumque
836 1280 1200 1330 nobilissimum.
1240 1329 1242 1331 ,

631 1358 767 1418 Quod
791 1358 1037 1408 audientes
1061 1359 1183 1418 laici,

562 1436 723 1485 furore
748 1436 1037 1501 perterribili

564 1515 655 1564 hoc
676 1514 924 1564 decretum
945 1514 1136 1580 capituli

565 1592 957 1643 contradixerunt
981 1593 1109 1643 fieri.
1193 1639 1196 1641 .

631 1674 698 1720 De
722 1671 872 1720 electo
897 1670 1160 1736 preposito·
1190 1700 1193 1705 <

566 1755 677 1814 post
700 1749 787 1797 hec
812 1766 908 1797 non
931 1749 1020 1798 fuit
1041 1748 1165 1802 ratio
1188 1756 1225 1796 :²
1271 1754 1277 1784 ³
1300 1773 1309 1784 ι

568 1843 679 1875 nam
703 1826 819 1875 velit
842 1827 977 1885 nolit,
1002 1826 1209 1892 populo·-

566 1905 720 1954 clerus
746 1905 883 1954 cedit
893 1905 1164 1955 contrario
1355 1937 1358 1941 -

633 1984 849 2033 Recurrit
872 1983 1008 2049 plebs
1033 1984 1100 2033 ad
1109 1987 1396 2077 Manassem,

569 2062 665 2111 vita
690 2067 738 2111 et
763 2079 910 2112 sensu
917 2061 1171 2127 juvenem,-
1224 2091 1247 2099 --
1281 2084 1295 2110 ε
1319 2089 1325 2098 =
1362 2090 1365 2094 ·

562 2140 662 2206 jam
687 2139 987 2206 designatum
1012 2140 1250 2205 presulem
1283 2162 1335 2187 s

568 2234 656 2291 per
682 2217 994 2267 subauditam
1004 2217 1233 2277 rabiem.·
1226 2238 1294 2266 ww
1342 2250 1380 2267 ι..

635 2295 770 2355 Quod
796 2295 836 2344 si
861 2296 971 2361 quis'
993 2296 1122 2345 benc
1130 2296 1230 2344 vel
1240 2297 1362 2395 misse

570 2374 801 2440 presumit
825 2374 1231 2477 contradicerem
1346 2398 1365 2405 ·’

571 2451 779 2501 minatur
802 2452 845 2502 ei
870 2452 1096 2501 findere-

571 2547 710 2579 nares
732 2537 812 2579 aut
837 2531 1046 2597 linguam
1062 2479 1249 2580 tol-lere.
1278 2558 1301 2567 ··
1325 2556 1329 2564 ·
1382 2535 1385 2542 ’

638 2611 704 2656 De
729 2607 802 2656 his
825 2607 953 2672 quid
966 2607 1121 2656 dicam
1137 2608 1376 2673 ¹amplius?

573 2685 648 2735 Sic
671 2685 847 2734 electus
873 2685 1126 2751 episcopus

575 2762 761 2826 paravit
787 2780 837 2811 se
863 2763 924 2811 de
946 2763 1169 2812 omnibus
1267 2798 1269 2804 -
