2092 3490
494 362 550 396 184
1122 358 1257 391 GESTA

780 448 908 512 pacis
933 451 981 494 et
1005 445 1250 494 amicitiae.
1292 485 1294 492 .

523 529 584 574 76
845 526 963 571 Ecce
988 522 1035 569 in
1060 521 1329 586 regionibus

780 597 1064 665 longissimis
1089 598 1357 648 extenditur

779 676 937 741 opinio
961 675 1067 724 facti
1093 675 1230 740 hujus

779 761 826 803 et
850 753 1038 801 virtutis
1063 752 1299 801 introitus.

521 836 582 881 77
764 818 767 829 Κ
844 832 882 879 Α
907 829 1172 895 longinquis
1197 834 1244 877 et
1267 829 1498 894 proximis

780 906 1033 956 scientibus
1057 923 1160 954 rem
1183 906 1342 970 operis

779 986 864 1032 hac
890 983 948 1032 de
974 1000 1112 1032 causa
1137 983 1190 1031 fit
1215 983 1412 1032 celebris

778 1061 980 1110 laudatio
1007 1060 1257 1125 pontificis.

534 1234 614 1276 De
643 1230 978 1285 profectione
1003 1229 1258 1273 Nicholai
1288 1229 1528 1283 episcopi
1560 1230 1644 1292 ad·
1662 1228 1842 1273 archi-

1025 1301 1351 1354 episcopum.

520 1452 581 1496 78
843 1452 968 1496 Inter
992 1463 1074 1496 eos
1099 1447 1166 1495 sic
1190 1447 1375 1495 firmato

781 1523 954 1571 amoris
979 1523 1242 1588 privilegio,

734 1639 737 1642 Δ
779 1600 910 1648 vadit
933 1599 1153 1649 Remensi
1177 1599 1282 1647 ilico

780 1677 938 1742 presul
962 1676 1332 1740 archiepiscopo.

521 1758 580 1803 79
844 1754 930 1813 Qui
956 1754 1016 1802 ab
1041 1752 1389 1817 archipontifice

780 1836 998 1895 receptus
1021 1830 1295 1889 honorifice,

779 1925 862 1957 sua
887 1907 935 1956 in
961 1907 1188 1956 electione

779 1986 1084 2034 confirmatur
1109 1984 1328 2033 canonice

522 2066 581 2111 80
843 2079 931 2128 per
955 2062 1184 2111 domnum
1208 2061 1518 2126 apostolicum

779 2146 827 2189 et
849 2156 936 2204 per
960 2139 1362 2204 archiepiscopum

778 2222 825 2265 et
850 2233 936 2281 per
960 2232 1204 2265 assensum
1229 2216 1469 2280 presulum

778 2293 841 2341 ibi
866 2297 972 2341 ante
997 2291 1304 2356 presentium.

522 2375 571 2419 8⁴
842 2373 994 2429 Quem
1017 2369 1347 2418 confirmatum
1373 2368 1526 2417 taliter

778 2446 1001 2495 conduxit
1025 2445 1363 2510 archipontifex

777 2524 837 2572 ad
862 2524 1005 2572 altare
1030 2523 1242 2581 feliciter,

776 2604 920 2650 Deum
941 2600 1137 2649 laudans
1162 2599 1497 2663 sollempniter.

519 2681 581 2729 82
842 2681 952 2726 Post
977 2677 1109 2725 datas
1131 2680 1226 2725 Deo
1251 2676 1424 2741 gratias

777 2755 915 2804 datur
940 2754 1027 2803 sibi
1050 2754 1163 2802 haec
1187 2758 1414 2818 potestas,

778 2832 915 2881 datur
940 2837 987 2879 et
1010 2831 1123 2880 haec
1147 2830 1329 2879 licentia
