2092 3490
446 374 507 408 ‘246
942 373 999 406 DE
1019 373 1151 406 OBITU
1171 372 1352 412 NlGOLAl,

737 462 776 511 si
802 466 932 527 gesta
958 461 1130 509 scirent
1154 461 1327 509 omnia.

799 538 942 586 Nobis
966 542 1148 586 tantum
1172 538 1407 587 suffecerit

735 615 854 664 scire
879 615 986 679 quis
1010 630 1151 679 quem
1177 616 1475 679 precesserit.

475 780 536 825 70
799 774 982 823 Primus
1007 774 1177 823 horum
1201 791 1321 839 quos
1345 775 1549 825 diximus

733 851 978 902 Nicholaus
1002 851 1251 900 munificus

797 928 890 993 jam
913 928 1003 977 rite
1029 929 1231 993 sumptis
1255 928 1409 978 infulis

733 1010 1117 1054 consecramento
1140 1005 1364 1070 presulis¹

794 1083 867 1131 bis
891 1082 1029 1131 binos
1053 1082 1189 1131 nobis
1214 1082 1389 1131 solidos

473 1170 535 1214 75
731 1182 852 1230 quos
876 1164 1192 1214 reddebamus
1216 1168 1395 1213 annuos

795 1258 884 1307 pro
910 1246 1074 1289 nostra
1098 1241 1375 1305 parrocheia

730 1319 778 1367 in
805 1318 1073 1367 Altomonte
1099 1318 1252 1382 posita

794 1395 1076 1444 condonavit
1101 1400 1332 1460 perpetuo

730 1473 1012 1522 confirmans
1039 1473 1298 1538 privilegio.

472 1555 531 1599 80
793 1554 904 1599 Post
927 1551 1042 1598 haec
1066 1550 1196 1598 dedit
1221 1550 1381 1598 altaria

729 1644 931 1690 quorum
959 1633 1070 1676 sunt
1092 1628 1207 1675 haec
1230 1627 1456 1676 vocabula
1485 1645 1494 1674 :

794 1704 1044 1753 Moncellus
1070 1721 1178 1753 cum
1202 1703 1431 1769 participe

728 1786 890 1830 sancto
915 1781 1118 1832 Vedasto
1143 1781 1332 1829 nomine

793 1864 840 1906 et
866 1858 1034 1909 Villare
1059 1865 1107 1907 et
1131 1859 1341 1916 Slemies,

468 1938 529 1984 85
725 1941 778 1984 ut
803 1935 966 2000 scripti
992 1941 1151 1984 narrat
1177 1935 1322 1984 series

431 2103 474 2138 de
495 2102 691 2147 cambray,
716 2105 743 2138 t.
765 2101 797 2147 Ι,
818 2105 915 2148 part.
938 2102 988 2148 ΙΙ,
1010 2113 1046 2149 p.
1070 2101 1165 2148 368).
1187 2122 1234 2128 -
1255 2101 1382 2148 Roger
1401 2099 1447 2138 (16
1467 2100 1647 2142 Wavrin‚
1670 2111 1839 2139 reconnu

431 2160 575 2209 eveque
594 2160 641 2197 de
660 2160 836 2197 Cambrai
856 2172 923 2208 par
942 2161 1171 2210 l’empereur
1191 2160 1367 2198 Frederic
1385 2160 1438 2196 ΙΕῙΓ
1457 2171 1505 2197 en
1527 2160 1618 2197 1178
1640 2160 1836 2208 (Sigebert.

434 2221 570 2257 Chron.
596 2221 742 2257 Contin.
763 2221 986 2266 Aquicinct„
1009 2233 1045 2269 p.
1070 2221 1166 2269 417),
1187 2220 1271 2268 puis
1292 2231 1358 2267 par
1371 2219 1407 2256 le
1421 2230 1517 2267 pape
1530 2218 1750 2257 Alexandro
1762 2219 1835 2266 ΠΙ,

430 2278 488 2315 fut
506 2278 684 2316 consacre
703 2279 725 2315 ὲ
737 2279 861 2316 Rome
880 2291 929 2316 en
949 2291 1050 2317 mars
1072 2280 1176 2327 1179,
1199 2290 1265 2327 par
1278 2278 1514 2324 Guillaume‚
1535 2278 1770 2326 archeveque
1790 2278 1838 2316 (16

429 2337 563 2375 Reims
598 2338 754 2384 (Canon.
790 2338 998 2385 Gamerae„
1038 2350 1069 2376 c.
1105 2338 1163 2386 23,
1200 2350 1237 2386 p.
1272 2338 1367 2384 509).
1403 2337 1437 2373 Il
1475 2348 1516 2374 se
1546 2341 1699 2374 montra
1733 2336 1837 2385 plein

429 2397 619 2445 d'energie
640 2409 734 2445 pour
752 2397 931 2435 defendre
950 2398 1004 2435 les
1024 2398 1142 2435 droits
1162 2397 1208 2434 de
1228 2408 1297 2434 son
1316 2397 1434 2444 eglise
1454 2400 1583 2434 contre
1594 2396 1632 2434 le
1645 2401 1770 2434 comte
1788 2396 1836 2434 de

428 2455 594 2493 Flandre
620 2460 658 2493 et
682 2461 811 2493 contre
837 2456 873 2493 la
899 2467 1102 2494 commune
1131 2456 1177 2492 de
1203 2455 1390 2492 Cambrai.
1421 2454 1574 2492 Ceste-ci
1601 2454 1834 2502 cependant,

428 2516 536 2562 apres
563 2515 669 2553 avoir
695 2515 754 2552 ete
782 2515 905 2553 abolie
930 2527 996 2563 par
1023 2515 1249 2563 l'empereur
1267 2514 1443 2552 Frederic
1471 2514 1494 2550 ὲ,
1521 2513 1557 2551 la
1581 2513 1768 2551 demando
1787 2514 1835 2552 de

427 2573 609 2623 l'eveque,
632 2575 688 2611 fut
708 2576 858 2613 ensuite
877 2575 1035 2612 retahlie
1056 2586 1122 2623 par
1139 2575 1173 2612 16
1194 2577 1319 2611 meme
1339 2584 1539 2622 empereur
1558 2584 1646 2611 sous
1658 2585 1712 2611 un
1726 2578 1835 2612 autre

427 2644 517 2670 nom
540 2636 656 2679 (ibid.,
680 2646 711 2672 c.
740 2634 798 2680 23,
826 2635 897 2682 24).
926 2634 1051 2682 Apres
1078 2634 1273 2681 beaucoup
1300 2634 1465 2671 d’autres
1493 2633 1607 2670 luttes
1634 2633 1681 2670 de
1706 2632 1833 2670 divers

426 2702 580 2739 gem-es,
611 2693 738 2740 Roget·
763 2693 878 2740 partit
902 2704 997 2741 pour
1016 2692 1051 2729 la
1070 2697 1168 2730 terre
1189 2693 1310 2730 sainte
1332 2698 1371 2729 et
1390 2705 1415 2741 y
1433 2696 1588 2729 mourut
1606 2692 1628 2728 ὲ
1647 2691 1725 2739 Tyr
1743 2702 1832 2729 sous

425 2749 558 2787 l'hahit
576 2751 621 2788 de
640 2752 827 2789 chanoine
847 2752 1010 2800 regulier
1032 2752 1147 2799 (ibid.,
1171 2763 1203 2789 c.
1227 2753 1300 2799 25),
1323 2764 1370 2789 en
1394 2752 1498 2788 1191.

474 2811 506 2845 1.
535 2816 826 2847 consacramento
843 2813 1015 2857 presulis.
1045 2810 1115 2848 Ges
1134 2815 1235 2848 mots
1263 2822 1303 2848 se
1329 2811 1444 2848 lisent
1472 2810 1494 2846 ὲ
1520 2810 1556 2847 la
1580 2821 1710 2858 marge
1735 2810 1829 2848 dans

425 2868 461 2905 le
480 2880 552 2906 ms.
