2092 3490
701 743 968 807 [GESTA
1022 747 1505 805 BURCHARDI.
1564 740 1706 804 II¹.]

1071 930 1332 939 ———-——-

652 1124 787 1167 Item
818 1124 883 1167 de
916 1124 1107 1167 domno
1139 1122 1458 1166 Burchardo
1491 1121 1747 1176 episcopo

1001 1194 1397 1238 cameracensi.

565 1362 582 1406 4
758 1357 871 1416 Quia
897 1357 1155 1421 periculum
1181 1372 1283 1404 esse
1309 1356 1545 1420 conspicio

691 1450 1008 1499 magnumque
1034 1434 1194 1482 odium
1218 1433 1391 1482 mereri
1414 1433 1557 1482 timeo

693 1510 946 1559 Burchardi
972 1510 1172 1575 presulis
1197 1510 1232 1559 si
1259 1510 1405 1559 vitam
1431 1510 1682 1574 scripsero,

693 1588 860 1636 iccirco
885 1587 1089 1636 scribere
1114 1589 1439 1652 nequaquam²
1464 1588 1632 1636 audeo.

565 1665 594 1713 2
759 1667 906 1723 Quem
931 1665 968 1713 si
995 1664 1246 1713 laudavero
1271 1665 1351 1713 ubi
1377 1682 1470 1713 non
1496 1665 1682 1722 meruit,

694 1741 732 1789 si
755 1741 1103 1805 reprehendero
1127 1741 1207 1789 ubi
1230 1758 1323 1789 non
1348 1741 1540 1799 corruit,

693 1834 768 1866 me
793 1818 984 1882 quidem
1008 1818 1165 1882 potius
1189 1818 1325 1866 silere
1347 1818 1502 1867 decuit

692 1912 833 1959 quam
858 1895 971 1943 illud
996 1895 1152 1944 dicere
1178 1895 1305 1960 quod
1331 1895 1490 1944 odium
1517 1895 1657 1959 parit.

564 1975 590 2018 3
755 1975 870 2019 Nam
896 1972 1055 2020 laudes
1081 1973 1281 2021 hominis
1307 1972 1420 2021 dum
1445 1971 1561 2020 vivit
1583 1971 1787 2020 scribere

692 2054 831 2113 atque
858 2050 1156 2114 magnificum
1181 2050 1310 2098 illum
1333 2065 1632 2113 componere,

691 2130 762 2172 est
786 2124 990 2173 adulatio
1015 2126 1089 2173 vel
1115 2131 1279 2174 votum
1303 2125 1479 2191 gratiae

691 2201 764 2248 vel
788 2202 980 2250 avaritia
1005 2208 1170 2266 patens
1195 2203 1435 2267 pecuniae.

563 2276 593 2324 4
756 2278 847 2326 Sed
870 2295 956 2343 ego
984 2295 1069 2327 nec
1093 2279 1279 2327 laudem
1304 2296 1451 2343 quero
1476 2296 1562 2327 nec
1586 2279 1783 2363 gratiam

694 2371 778 2402 nec
803 2360 916 2419 opto
943 2355 1147 2403 scribere
1174 2361 1372 2421 propter
1395 2357 1680 2419 pecuniam:

691 2431 774 2479 sed
800 2432 908 2495 quia
929 2449 1032 2480 rem
1057 2449 1198 2480 cerno
1225 2450 1412 2498 semper
1433 2433 1709 2491 mirabilem,

690 2508 796 2556 hinc
821 2509 928 2556 volo
956 2509 1156 2572 posteris
1183 2509 1305 2557 ferre
1327 2510 1621 2558 memoriam.

562 2587 589 2630 ὃ
754 2585 799 2633 Si
824 2585 949 2633 enim
973 2590 1173 2650 expecto
1199 2593 1400 2636 mortem
1425 2586 1641 2636 antistitis

546 2769 579 2803 4.
610 2767 742 2815 Comp.
765 2770 1031 2811 Introduction,
1055 2780 1162 2806 num.
1187 2770 1242 2806 16.

544 2826 579 2863 2.
605 2837 850 2872 nequaquam.
875 2827 980 2865 Dans
1000 2827 1035 2864 le
1054 2839 1125 2865 ms.
1150 2828 1348 2866 au-dessus
1368 2828 1414 2867 de
1435 2829 1470 2866 la
1490 2829 1603 2877 ligne.
