2092 3490
515 344 554 377 96

518 431 608 478 548

517 735 608 782 549

518 1045 608 1089 550

519 1352 603 1396 554

519 1658 610 1705 552

518 1963 611 2007 553

518 2265 612 2313 554

519 2571 612 2617 555

1146 335 1277 369 GESTA

868 430 892 476 J
896 425 1006 474 ubet
1030 424 1156 472 cives
1179 422 1502 470 Verumtamen

805 507 857 550 ut
881 501 1077 548 afferant
1101 497 1411 562 compositam

806 575 1147 626 communionis
1172 575 1398 623 cartulam

805 661 911 703 ante
938 664 1070 701 suam
1094 651 1394 716 presentiam.

871 731 1005 781 Cives
1028 729 1187 778 audito
1212 744 1388 787 cesare,

803 825 862 856 ne
887 808 1130 866 irascatur,
1160 805 1359 870 provide

804 886 1006 933 clamant
1030 884 1092 932 nil
1117 883 1462 948 pretermittere

805 962 863 1010 de
890 962 961 1009 his
988 977 1106 1024 quae
1131 965 1267 1024 rogat
1291 959 1458 1007 facere.

869 1039 1075 1087 Affertur
1099 1036 1395 1101 privilegium
1425 1054 1433 1083 ฮต

805 1115 932 1179 quod
960 1131 1046 1179 per
1070 1114 1197 1179 regis
1222 1113 1472 1177 imperium

806 1194 1020 1258 dejurant
1045 1192 1091 1239 in
1117 1196 1400 1255 perpetuum

806 1271 852 1318 in
878 1275 1070 1333 aspectu
1096 1274 1165 1317 tot
1188 1268 1471 1332 principum.

879 1345 954 1393 Sic
979 1345 1208 1410 disjuncta
1232 1343 1499 1392 communio

805 1422 864 1470 ab
890 1421 1049 1486 iniquo
1075 1420 1301 1486 conjurio,

805 1498 915 1546 fecit
938 1497 1039 1563 regi
1064 1497 1279 1545 Heinrico

805 1575 1025 1624 fiduciam
1050 1579 1358 1623 sacramento.

871 1657 971 1703 Rex
996 1653 1153 1716 itaque
1174 1651 1256 1699 vix
1281 1650 1497 1700 credulus

808 1730 940 1778 factis
964 1728 1265 1777 fidelitatibus

808 1823 897 1871 pro
923 1805 1074 1870 plebis
1099 1805 1363 1853 levitatibus

806 1889 852 1931 et
877 1883 1074 1948 cognitis
1099 1882 1352 1930 sceleribus

874 1965 1035 2007 monet
1057 1959 1183 2007 cives
1209 1965 1255 2006 et
1279 1958 1447 2006 milites

809 2043 859 2085 ut
883 2037 924 2084 ei
950 2036 1126 2084 donent
1150 2035 1338 2083 obsides

807 2114 866 2161 de
892 2114 981 2160 hoc
1007 2112 1134 2175 quod
1161 2112 1247 2160 sibi
1267 2111 1442 2176 jugiter

807 2195 945 2237 erunt
969 2189 1016 2235 in
1040 2188 1154 2235 fide-ยน
1181 2188 1385 2235 stabiles.

872 2269 940 2313 Ex
967 2265 1118 2312 edicto
1142 2264 1409 2329 hujusmodi

807 2341 1147 2406 perturbantur
1171 2341 1400 2398 universi3

808 2417 890 2464 sed
916 2434 974 2464 ne
1001 2417 1229 2465 obsistant
1253 2415 1400 2464 cesari

807 2492 977 2540 dantur
1002 2492 1232 2557 majorum
1257 2492 1354 2540 filii.

872 2571 974 2616 Non
998 2569 1183 2617 inclusit
1206 2586 1292 2617 rex
1317 2568 1515 2616 infantes

808 2660 928 2707 quos
953 2650 1143 2708 ceperat
1167 2645 1214 2693 in
1239 2644 1444 2702 obsides,

566 2815 600 2851 1.
629 2816 670 2850 in
690 2816 768 2860 fide.
793 2814 897 2851 Dans
918 2814 951 2852 le
971 2826 1042 2852 ms.
1064 2814 1269 2853 au-dessus
1288 2814 1334 2852 de
1354 2814 1389 2852 la
1408 2814 1523 2863 ligne.
