2092 3490
766 345 904 377 TABLE
927 345 990 378 DU
1012 346 1211 379 VOLUME.
1640 349 1702 382 273

279 433 394 480 Quod
412 432 516 471 cives
535 432 772 470 Galcherum
792 443 969 470 revocare
987 433 1205 471 voluerunt
1226 463 1554 474 ......
1631 438 1699 474 143

276 490 340 531 De
357 492 538 531 Johanne
557 491 830 530 archidiacono
847 519 1555 531 ............
1634 497 1701 533 144

279 551 340 590 De
357 551 544 589 electione
563 549 779 588 Burchardi
798 551 969 600 episcopi
974 580 1554 591 ..........
1632 556 1700 592 145

280 611 437 657 Quanta
455 611 616 648 adversa
634 622 770 659 passus
791 611 843 648 sit
846 639 1553 650 ............
1631 615 1700 652 147

278 670 338 709 ΒΘ
357 670 550 720 legatione
568 671 616 708 ad
636 681 776 719 papam
796 670 942 708 directa
977 700 1555 710 ..........
1631 674 1700 711 148

278 730 338 768 ΒΘ
355 729 593 778 profectione
611 729 828 767 Burchardi
847 729 895 766 ad
915 740 1055 777 papam
1094 757 1549 768 ........
1625 733 1695 769 150

277 788 338 826 ΒΘ
357 788 514 826 Conone
527 787 715 826 cardinali
721 816 1554 828 ..............
1633 804 1698 827 η»

276 847 336 885 ΒΘ
353 847 590 896 profectione
608 848 825 885 Burchardi
844 849 892 886 ad
911 848 1183 897 imperatorem
1225 877 1553 888 ......
1630 851 1700 889 152

276 906 337 944 De
355 906 482 944 reditu
502 907 585 955 ejus
590 935 1553 948 ................
1630 911 1698 949 154

276 966 336 1003 ΒΘ
355 967 526 1004 secunda
544 966 780 1015 profectione
799 966 847 1004 ad
866 944 1006 1015 papam
1035 994 1553 1007 .........
1630 970 1699 1007 155

276 1025 335 1063 ΒΘ
353 1025 641 1063 consecratione
661 1027 745 1075 ejus
776 1055 1549 1065 .............
1629 1042 1695 1065 »υ

275 1084 336 1122 ΒΘ
354 1085 483 1122 reditu
503 1085 587 1133 ejus
649 1114 1550 1124 ...............
1628 1088 1697 1125 156

275 1143 335 1180 ΒΘ
354 1144 644 1192 recuperatione
664 1145 854 1182 bonorum
874 1144 1058 1182 ecclesiae
1099 1174 1554 1184 ........
1631 1161 1696 1183 u»

274 1203 448 1252 Explicit
465 1203 512 1242 de
531 1204 674 1242 domno
694 1204 919 1242 Burchardo
935 1205 1115 1253 episcopo
1161 1234 1552 1243 .......
1630 1207 1696 1244 157

789 1304 927 1352 [Gns'rA
951 1304 1190 1352 Lm'rmnnL]

274 1398 419 1447 Incipit
431 1398 478 1436 de
497 1399 640 1436 domno
659 1399 868 1436 Liethardo
888 1398 1068 1447 episcopo
1097 1428 1106 1436 .
1162 1428 1170 1436 .
1225 1427 1233 1436 .
1289 1427 1296 1436 .
1353 1429 1360 1436 .
1416 1427 1425 1436 .
1480 1397 1488 1437 .'
1544 1430 1551 1436 .
1629 1401 1697 1439 158

273 1458 334 1496 De
351 1457 520 1496 adventu
540 1469 661 1507 papae
681 1458 784 1506 apud
815 1458 1069 1496 Cameracum
1103 1463 1140 1496 et
1168 1458 1215 1496 de
1247 1458 1435 1496 electione
1464 1459 1554 1497 Lie-

393 1517 523 1554 thardi
528 1546 1549 1557 .................
1629 1532 1693 1555 n»

273 1577 333 1615 De
351 1576 641 1633 consecratione
658 1577 743 1625 ejus
761 1581 802 1615 et
820 1577 867 1614 de
886 1577 1025 1614 infami
1045 1577 1129 1626 ejus
1149 1577 1440 1616 conversatione
1478 1606 1486 1614 .
1542 1607 1550 1616 .
1627 1579 1697 1616 159

273 1636 387 1682 Quod
406 1635 600 1673 Gerardus
619 1635 931 1674 Malus-filiaster
950 1648 1041 1674 eum
1061 1636 1249 1674 invaserit
1290 1665 1550 1674 .....
1628 1638 1698 1675 162

272 1695 332 1732 ΒΘ
350 1694 508 1732 Castelli
527 1695 703 1743 captione
713 1723 1549 1734 ..............
1627 1697 1696 1735 163

273 1754 332 1792 ΒΘ
349 1754 522 1802 Symone
541 1754 749 1792 castellano
779 1783 1549 1793 .............
1627 1757 1695 1795 164

272 1812 476 1858 Quomodo
494 1813 726 1851 Liethardus
745 1813 948 1862 episcopus
968 1814 1020 1851 sit
1037 1814 1234 1863 depositus
1285 1845 1550 1854 .....
1627 1816 1696 1854 167

758 1942 763 1947 -
801 1916 941 1963 [GEs'rA
966 1916 1158 1964 NICOLA1.]

270 2009 417 2058 Incipit
440 2009 488 2046 de
507 2009 651 2047 domno
669 2009 859 2048 Nicholao
879 2010 1147 2048 Cameracensi
1157 2041 1549 2050 .......
1628 2013 1695 2051 173

270 2069 330 2106 ΒΘ
348 2068 536 2106 electione
555 2069 710 2107 Ottonis
715 2099 1548 2109 ..............
1628 2086 1693 2108 n»

271 2128 330 2166 De
348 2127 535 2166 electione
554 2128 735 2166 Nicholai
752 2129 925 2177 episcopi
962 2158 1546 2168 ..........
1625 2132 1695 2169 175

270 2187 330 2225 ΒΘ
349 2187 565 2235 receptione
584 2188 687 2236 apud
708 2188 960 2226 Cameracum
965 2218 1546 2228 ...........
1626 2191 1695 2229 177

271 2245 331 2283 ΒΘ
349 2245 520 2284 Gerardo
540 2246 644 2284 Malo
664 2247 826 2285 filiastro
837 2277 1547 2287 ............
1625 2251 1693 2288 178

271 2305 330 2342 ΒΘ
350 2305 528 2354 captione
547 2306 631 2355 ejus
648 2335 1547 2346 ...............
1625 2309 1691 2347 181

270 2364 329 2402 ΒΘ
347 2364 563 2402 redditione
582 2365 683 2402 Novi
705 2366 861 2403 Castelli
882 2371 921 2403 et
939 2366 1180 2404 absolutione
1201 2366 1363 2404 Gerardi
1411 2396 1418 2403 .
1536 2395 1546 2405 .
1624 2368 1694 2406 182

270 2423 330 2461 ΒΘ
348 2424 584 2472 profectione
601 2424 780 2462 Nicholai
800 2425 971 2473 episcopi
992 2425 1040 2463 ad
1060 2425 1394 2474 archiepiscopum
1411 2455 1420 2464 .
1476 2455 1484 2463 .
1540 2456 1546 2463 .
1624 2427 1693 2464 184

271 2482 330 2520 De
349 2482 636 2520 consecratione
655 2483 738 2532 ejus
776 2512 1546 2523 .............
1625 2486 1693 2523 185

271 2540 446 2586 Qualiter
465 2541 658 2578 Gerardus
678 2553 813 2590 pacem
833 2543 1033 2592 infregerit
1093 2572 1546 2582 ........
1624 2545 1692 2582 187

270 2599 330 2636 ΒΘ
349 2599 525 2648 nequitia
544 2599 705 2637 Gerardi
711 2629 1548 2640 ..............
1625 2603 1693 2640 190

271 2658 382 2704 Quod
403 2658 607 2706 episcopus
626 2670 666 2695 se
685 2658 889 2698 defendere
908 2661 1101 2708 paraverit
1153 2688 1480 2699 ......
1500 2685 1504 2689 -
1537 2690 1546 2700 .
1625 2661 1694 2698 192

271 2717 332 2755 De
348 2729 472 2754 werra
492 2717 593 2762 inter
612 2717 836 2766 episcopum
857 2723 895 2756 et
915 2720 1130 2758 Gerardum
1151 2725 1235 2758 orta
1286 2749 1293 2756 .
1349 2750 1356 2758 .
1413 2750 1421 2758 .
1474 2749 1481 2756 .
1540 2749 1547 2757 .
1626 2721 1694 2758 194

271 2777 330 2814 ΒΘ
351 2777 519 2814 secunda
538 2777 715 2825 captione
735 2779 895 2816 Gerardi
901 2807 1545 2818 ...........
1625 2779 1693 2818 195

271 2836 330 2874 ΒΘ
349 2842 472 2874 morte
493 2837 652 2874 Gerardi
711 2866 1547 2877 ..............
1623 2839 1690 2877 197
