<?xml version="1.0" encoding="UTF-8"?>
<!DOCTYPE html PUBLIC "-//W3C//DTD XHTML 1.0 Transitional//EN"
    "http://www.w3.org/TR/xhtml1/DTD/xhtml1-transitional.dtd">
<html xmlns="http://www.w3.org/1999/xhtml" xml:lang="en" lang="en">
 <head>
  <title>
</title>
<meta http-equiv="Content-Type" content="text/html;charset=utf-8" />
  <meta name='ocr-system' content='tesseract 3.04.00' />
  <meta name='ocr-capabilities' content='ocr_page ocr_carea ocr_par ocr_line ocrx_word'/>
</head>
<body>
  <div class='ocr_page' id='page_1' title='image "./gestapontificumc00cambuoft_0110.png"; bbox 0 0 2092 3490; ppageno 0'>
   <div class='ocr_carea' id='block_1_1' title="bbox 480 334 1246 372">
    <p class='ocr_par' dir='ltr' id='par_1_1' title="bbox 480 334 1246 372">
     <span class='ocr_line' id='line_1_1' title="bbox 480 334 1246 372; baseline 0.007 -5"><span class='ocrx_word' id='word_1_1' title='bbox 480 334 520 367; x_wconf 88' lang='lat'><strong>58</strong></span> <span class='ocrx_word' id='word_1_2' title='bbox 1112 338 1246 372; x_wconf 76' lang='lat' dir='ltr'>GESTA</span> 
     </span>
    </p>
   </div>
   <div class='ocr_carea' id='block_1_2' title="bbox 476 501 1875 621">
    <p class='ocr_par' dir='ltr' id='par_1_2' title="bbox 476 501 1875 621">
     <span class='ocr_line' id='line_1_2' title="bbox 476 501 1875 560; baseline 0.01 -16"><span class='ocrx_word' id='word_1_3' title='bbox 476 501 557 544; x_wconf 90' lang='lat' dir='ltr'><strong>De</strong></span> <span class='ocrx_word' id='word_1_4' title='bbox 584 501 715 556; x_wconf 74' lang='lat' dir='ltr'><strong>fuga</strong></span> <span class='ocrx_word' id='word_1_5' title='bbox 739 502 1001 547; x_wconf 79' lang='lat' dir='ltr'><strong>Manasse</strong></span> <span class='ocrx_word' id='word_1_6' title='bbox 1032 505 1089 548; x_wconf 84' lang='lat' dir='ltr'><strong>et</strong></span> <span class='ocrx_word' id='word_1_7' title='bbox 1114 507 1426 560; x_wconf 77' lang='lat' dir='ltr'><strong>receptione</strong></span> <span class='ocrx_word' id='word_1_8' title='bbox 1454 509 1708 555; x_wconf 77' lang='lat' dir='ltr'><strong>Galeheri</strong></span> <span class='ocrx_word' id='word_1_9' title='bbox 1731 511 1875 557; x_wconf 78' lang='lat' dir='ltr'><strong>infra</strong></span> 
     </span>
     <span class='ocr_line' id='line_1_3' title="bbox 1070 578 1274 621; baseline 0 -2"><span class='ocrx_word' id='word_1_10' title='bbox 1070 578 1274 621; x_wconf 85' lang='lat' dir='ltr'><strong>urbem.</strong></span> 
     </span>
    </p>
   </div>
   <div class='ocr_carea' id='block_1_3' title="bbox 463 718 1492 2706">
    <p class='ocr_par' dir='ltr' id='par_1_3' title="bbox 476 718 1489 1018">
     <span class='ocr_line' id='line_1_4' title="bbox 476 718 1459 789; baseline 0.01 -26"><span class='ocrx_word' id='word_1_11' title='bbox 476 718 568 764; x_wconf 88' lang='lat'><strong>338</strong></span> <span class='ocrx_word' id='word_1_12' title='bbox 828 718 912 766; x_wconf 88' lang='lat' dir='ltr'><strong>Hic</strong></span> <span class='ocrx_word' id='word_1_13' title='bbox 936 735 1049 785; x_wconf 90' lang='lat' dir='ltr'><strong>ergo</strong></span> <span class='ocrx_word' id='word_1_14' title='bbox 1074 720 1188 769; x_wconf 90' lang='lat' dir='ltr'><strong>dum</strong></span> <span class='ocrx_word' id='word_1_15' title='bbox 1214 721 1280 770; x_wconf 87' lang='lat' dir='ltr'><strong>sic</strong></span> <span class='ocrx_word' id='word_1_16' title='bbox 1305 724 1459 789; x_wconf 87' lang='lat' dir='ltr'><strong>agitur</strong></span> 
     </span>
     <span class='ocr_line' id='line_1_5' title="bbox 764 794 1407 860; baseline 0.011 -18"><span class='ocrx_word' id='word_1_17' title='bbox 764 794 886 843; x_wconf 90' lang='lat' dir='ltr'><strong>fama</strong></span> <span class='ocrx_word' id='word_1_18' title='bbox 911 797 1113 860; x_wconf 80' lang='lat' dir='ltr'>sparsim</span> <span class='ocrx_word' id='word_1_19' title='bbox 1137 799 1407 849; x_wconf 83' lang='lat' dir='ltr'><strong>extenditur</strong></span> 
     </span>
     <span class='ocr_line' id='line_1_6' title="bbox 762 872 1489 942; baseline 0.014 -24"><span class='ocrx_word' id='word_1_20' title='bbox 762 872 891 935; x_wconf 89' lang='lat' dir='ltr'><strong>quod</strong></span> <span class='ocrx_word' id='word_1_21' title='bbox 916 889 1023 920; x_wconf 89' lang='lat' dir='ltr'><strong>cum</strong></span> <span class='ocrx_word' id='word_1_22' title='bbox 1048 875 1173 940; x_wconf 89' lang='lat' dir='ltr'><strong>regis</strong></span> <span class='ocrx_word' id='word_1_23' title='bbox 1198 876 1489 942; x_wconf 83' lang='lat' dir='ltr'><strong>principibus</strong></span> 
     </span>
     <span class='ocr_line' id='line_1_7' title="bbox 762 948 1436 1018; baseline 0.012 -22"><span class='ocrx_word' id='word_1_24' title='bbox 762 948 1012 998; x_wconf 88' lang='lat' dir='ltr'><strong>Galcherus</strong></span> <span class='ocrx_word' id='word_1_25' title='bbox 1031 950 1128 1015; x_wconf 87' lang='lat' dir='ltr'><strong>jam</strong></span> <span class='ocrx_word' id='word_1_26' title='bbox 1154 954 1436 1018; x_wconf 77' lang='lat' dir='ltr'><strong>regreditur.</strong></span> 
     </span>
    </p>

    <p class='ocr_par' dir='ltr' id='par_1_4' title="bbox 473 1026 1492 1327">
     <span class='ocr_line' id='line_1_8' title="bbox 473 1026 1492 1085; baseline 0.011 -14"><span class='ocrx_word' id='word_1_27' title='bbox 473 1026 564 1071; x_wconf 87' lang='lat'><strong>339</strong></span> <span class='ocrx_word' id='word_1_28' title='bbox 826 1027 958 1085; x_wconf 87' lang='lat' dir='ltr'><strong>Quod</strong></span> <span class='ocrx_word' id='word_1_29' title='bbox 983 1034 1034 1076; x_wconf 86' lang='lat' dir='ltr'><strong>ut</strong></span> <span class='ocrx_word' id='word_1_30' title='bbox 1059 1029 1236 1078; x_wconf 83' lang='lat' dir='ltr'><strong>audivit</strong></span> <span class='ocrx_word' id='word_1_31' title='bbox 1260 1035 1492 1082; x_wconf 89' lang='lat' dir='ltr'><strong>Manasses</strong></span> 
     </span>
     <span class='ocr_line' id='line_1_9' title="bbox 760 1103 1297 1156; baseline 0.011 -6"><span class='ocrx_word' id='word_1_32' title='bbox 760 1103 857 1151; x_wconf 85' lang='lat' dir='ltr'><strong>exit</strong></span> <span class='ocrx_word' id='word_1_33' title='bbox 881 1103 1049 1152; x_wconf 90' lang='lat' dir='ltr'><strong>urbem</strong></span> <span class='ocrx_word' id='word_1_34' title='bbox 1074 1107 1297 1156; x_wconf 87' lang='lat' dir='ltr'><strong>velociter</strong></span> 
     </span>
     <span class='ocr_line' id='line_1_10' title="bbox 760 1181 1421 1249; baseline 0.011 -21"><span class='ocrx_word' id='word_1_35' title='bbox 760 1185 808 1228; x_wconf 85' lang='lat' dir='ltr'><strong>et</strong></span> <span class='ocrx_word' id='word_1_36' title='bbox 833 1181 1082 1230; x_wconf 84' lang='lat' dir='ltr'><strong>Galcherus</strong></span> <span class='ocrx_word' id='word_1_37' title='bbox 1106 1190 1324 1249; x_wconf 86' lang='lat' dir='ltr'><strong>receptus</strong></span> <span class='ocrx_word' id='word_1_38' title='bbox 1349 1191 1421 1234; x_wconf 90' lang='lat' dir='ltr'><strong>est</strong></span> 
     </span>
     <span class='ocr_line' id='line_1_11' title="bbox 759 1259 1386 1327; baseline 0.011 -23"><span class='ocrx_word' id='word_1_39' title='bbox 759 1262 806 1305; x_wconf 83' lang='lat' dir='ltr'><strong>et</strong></span> <span class='ocrx_word' id='word_1_40' title='bbox 828 1259 1120 1325; x_wconf 81' lang='lat' dir='ltr'><strong>Lotharingi1</strong></span> <span class='ocrx_word' id='word_1_41' title='bbox 1149 1262 1386 1327; x_wconf 87' lang='lat' dir='ltr'><strong>principes</strong></span> 
     </span>
    </p>

    <p class='ocr_par' dir='ltr' id='par_1_5' title="bbox 469 1330 1440 1633">
     <span class='ocr_line' id='line_1_12' title="bbox 469 1330 1414 1403; baseline 0.012 -25"><span class='ocrx_word' id='word_1_42' title='bbox 469 1330 561 1380; x_wconf 87' lang='grc'><strong>340</strong></span> <span class='ocrx_word' id='word_1_43' title='bbox 824 1335 900 1399; x_wconf 92' lang='lat' dir='ltr'><strong>qui</strong></span> <span class='ocrx_word' id='word_1_44' title='bbox 928 1336 1002 1384; x_wconf 88' lang='lat' dir='ltr'><strong>hic</strong></span> <span class='ocrx_word' id='word_1_45' title='bbox 1025 1354 1053 1384; x_wconf 90' lang='lat' dir='ltr'><strong>a</strong></span> <span class='ocrx_word' id='word_1_46' title='bbox 1077 1354 1189 1403; x_wconf 89' lang='lat' dir='ltr'><strong>rege</strong></span> <span class='ocrx_word' id='word_1_47' title='bbox 1214 1339 1414 1388; x_wconf 85' lang='lat' dir='ltr'><strong>Henrieo</strong></span> 
     </span>
     <span class='ocr_line' id='line_1_13' title="bbox 756 1412 1307 1464; baseline 0.009 -5"><span class='ocrx_word' id='word_1_48' title='bbox 756 1412 1017 1461; x_wconf 85' lang='lat' dir='ltr'><strong>transmissi</strong></span> <span class='ocrx_word' id='word_1_49' title='bbox 1043 1420 1176 1463; x_wconf 83' lang='lat' dir='ltr'><strong>erant</strong></span> <span class='ocrx_word' id='word_1_50' title='bbox 1200 1415 1307 1464; x_wconf 88' lang='lat' dir='ltr'><strong>ideo</strong></span> 
     </span>
     <span class='ocr_line' id='line_1_14' title="bbox 756 1490 1440 1556; baseline 0.009 -20"><span class='ocrx_word' id='word_1_51' title='bbox 756 1494 808 1537; x_wconf 87' lang='lat' dir='ltr'><strong>ut</strong></span> <span class='ocrx_word' id='word_1_52' title='bbox 832 1490 1177 1553; x_wconf 85' lang='lat' dir='ltr'><strong>perprobarent</strong></span> <span class='ocrx_word' id='word_1_53' title='bbox 1201 1493 1440 1556; x_wconf 91' lang='lat' dir='ltr'><strong>quomodo</strong></span> 
     </span>
     <span class='ocr_line' id='line_1_15' title="bbox 755 1568 1246 1633; baseline 0.008 -20"><span class='ocrx_word' id='word_1_54' title='bbox 755 1582 840 1614; x_wconf 92' lang='lat' dir='ltr'><strong>suo</strong></span> <span class='ocrx_word' id='word_1_55' title='bbox 866 1573 999 1615; x_wconf 83' lang='lat' dir='ltr'><strong>erant</strong></span> <span class='ocrx_word' id='word_1_56' title='bbox 1022 1568 1246 1633; x_wconf 87' lang='lat' dir='ltr'><strong>episcopo</strong></span> 
     </span>
    </p>

    <p class='ocr_par' dir='ltr' id='par_1_6' title="bbox 467 1638 1445 1940">
     <span class='ocr_line' id='line_1_16' title="bbox 467 1638 1445 1706; baseline 0.01 -20"><span class='ocrx_word' id='word_1_57' title='bbox 467 1638 550 1687; x_wconf 78' lang='grc'><strong>341</strong></span> <span class='ocrx_word' id='word_1_58' title='bbox 822 1643 1046 1692; x_wconf 85' lang='lat' dir='ltr'><strong>Galchero</strong></span> <span class='ocrx_word' id='word_1_59' title='bbox 1072 1647 1445 1706; x_wconf 86' lang='lat' dir='ltr'><strong>Cameracenses,</strong></span> 
     </span>
     <span class='ocr_line' id='line_1_17' title="bbox 756 1720 1387 1786; baseline 0.008 -19"><span class='ocrx_word' id='word_1_60' title='bbox 756 1720 837 1783; x_wconf 93' lang='lat' dir='ltr'><strong>qui</strong></span> <span class='ocrx_word' id='word_1_61' title='bbox 864 1721 1070 1786; x_wconf 86' lang='lat' dir='ltr'><strong>maligni,</strong></span> <span class='ocrx_word' id='word_1_62' title='bbox 1101 1723 1182 1786; x_wconf 91' lang='lat' dir='ltr'><strong>qui</strong></span> <span class='ocrx_word' id='word_1_63' title='bbox 1207 1723 1387 1782; x_wconf 89' lang='lat' dir='ltr'><strong>fideles,</strong></span> 
     </span>
     <span class='ocr_line' id='line_1_18' title="bbox 754 1797 1348 1864; baseline 0.008 -20"><span class='ocrx_word' id='word_1_64' title='bbox 754 1797 894 1861; x_wconf 88' lang='lat' dir='ltr'><strong>quive</strong></span> <span class='ocrx_word' id='word_1_65' title='bbox 920 1798 1007 1846; x_wconf 88' lang='lat' dir='ltr'><strong>sibi</strong></span> <span class='ocrx_word' id='word_1_66' title='bbox 1032 1806 1348 1864; x_wconf 82' lang='lat' dir='ltr'><strong>repugnantes</strong></span> 
     </span>
     <span class='ocr_line' id='line_1_19' title="bbox 753 1874 1329 1940; baseline 0.007 -19"><span class='ocrx_word' id='word_1_67' title='bbox 753 1878 800 1921; x_wconf 90' lang='lat' dir='ltr'><strong>et</strong></span> <span class='ocrx_word' id='word_1_68' title='bbox 824 1874 906 1937; x_wconf 92' lang='lat' dir='ltr'><strong>qui</strong></span> <span class='ocrx_word' id='word_1_69' title='bbox 931 1875 1081 1940; x_wconf 91' lang='lat' dir='ltr'><strong>magis</strong></span> <span class='ocrx_word' id='word_1_70' title='bbox 1106 1875 1329 1925; x_wconf 80' lang='lat' dir='ltr'><strong>amabiles</strong></span> 
     </span>
    </p>

    <p class='ocr_par' dir='ltr' id='par_1_7' title="bbox 464 1947 1451 2245">
     <span class='ocr_line' id='line_1_20' title="bbox 464 1947 1451 2016; baseline 0.008 -21"><span class='ocrx_word' id='word_1_71' title='bbox 464 1947 559 1997; x_wconf 76' lang='grc'><strong>342</strong></span> <span class='ocrx_word' id='word_1_72' title='bbox 819 1954 1098 2016; x_wconf 89' lang='lat' dir='ltr'><strong>Preceptum</strong></span> <span class='ocrx_word' id='word_1_73' title='bbox 1123 1953 1209 2002; x_wconf 87' lang='lat' dir='ltr'><strong>fuit</strong></span> <span class='ocrx_word' id='word_1_74' title='bbox 1234 1954 1451 2003; x_wconf 89' lang='lat' dir='ltr'><strong>omnibus</strong></span> 
     </span>
     <span class='ocr_line' id='line_1_21' title="bbox 753 2028 1228 2095; baseline 0.008 -20"><span class='ocrx_word' id='word_1_75' title='bbox 753 2045 779 2075; x_wconf 90' lang='lat' dir='ltr'><strong>a</strong></span> <span class='ocrx_word' id='word_1_76' title='bbox 805 2028 967 2094; x_wconf 84' lang='lat' dir='ltr'><strong>legatis</strong></span> <span class='ocrx_word' id='word_1_77' title='bbox 992 2030 1228 2095; x_wconf 88' lang='lat' dir='ltr'><strong>regalibus</strong></span> 
     </span>
     <span class='ocr_line' id='line_1_22' title="bbox 752 2105 1388 2168; baseline 0.008 -16"><span class='ocrx_word' id='word_1_78' title='bbox 752 2109 804 2153; x_wconf 91' lang='lat' dir='ltr'><strong>ut</strong></span> <span class='ocrx_word' id='word_1_79' title='bbox 828 2105 909 2168; x_wconf 90' lang='lat' dir='ltr'><strong>qui</strong></span> <span class='ocrx_word' id='word_1_80' title='bbox 935 2106 977 2153; x_wconf 88' lang='lat' dir='ltr'><strong>ei</strong></span> <span class='ocrx_word' id='word_1_81' title='bbox 1002 2122 1097 2154; x_wconf 90' lang='lat' dir='ltr'><strong>non</strong></span> <span class='ocrx_word' id='word_1_82' title='bbox 1123 2108 1388 2157; x_wconf 86' lang='lat' dir='ltr'><strong>subduntur</strong></span> 
     </span>
     <span class='ocr_line' id='line_1_23' title="bbox 751 2182 1378 2245; baseline 0.008 -16"><span class='ocrx_word' id='word_1_83' title='bbox 751 2198 840 2245; x_wconf 88' lang='lat' dir='ltr'><strong>pro</strong></span> <span class='ocrx_word' id='word_1_84' title='bbox 865 2182 1078 2231; x_wconf 89' lang='lat' dir='ltr'><strong>hostibus</strong></span> <span class='ocrx_word' id='word_1_85' title='bbox 1103 2183 1378 2234; x_wconf 83' lang='lat' dir='ltr'><strong>habeantur.</strong></span> 
     </span>
    </p>

    <p class='ocr_par' dir='ltr' id='par_1_8' title="bbox 464 2255 1381 2539">
     <span class='ocr_line' id='line_1_24' title="bbox 464 2255 1381 2310; baseline 0.009 -8"><span class='ocrx_word' id='word_1_86' title='bbox 464 2255 555 2303; x_wconf 89' lang='grc'><strong>343</strong></span> <span class='ocrx_word' id='word_1_87' title='bbox 817 2259 946 2306; x_wconf 82' lang='lat' dir='ltr'><strong>Istud</strong></span> <span class='ocrx_word' id='word_1_88' title='bbox 971 2260 1177 2308; x_wconf 85' lang='lat' dir='ltr'><strong>edictum</strong></span> <span class='ocrx_word' id='word_1_89' title='bbox 1200 2262 1381 2310; x_wconf 89' lang='lat' dir='ltr'><strong>Cesaris</strong></span> 
     </span>
     <span class='ocr_line' id='line_1_25' title="bbox 751 2335 1347 2396; baseline 0.007 -14"><span class='ocrx_word' id='word_1_90' title='bbox 751 2351 859 2383; x_wconf 86' lang='lat' dir='ltr'><strong>cum</strong></span> <span class='ocrx_word' id='word_1_91' title='bbox 884 2335 1072 2384; x_wconf 87' lang='lat' dir='ltr'><strong>auditur</strong></span> <span class='ocrx_word' id='word_1_92' title='bbox 1098 2354 1125 2384; x_wconf 91' lang='lat' dir='ltr'><strong>a</strong></span> <span class='ocrx_word' id='word_1_93' title='bbox 1150 2337 1347 2396; x_wconf 83' lang='lat' dir='ltr'><strong>clericis,</strong></span> 
     </span>
     <span class='ocr_line' id='line_1_26' title="bbox 751 2411 1274 2462; baseline 0.008 -4"><span class='ocrx_word' id='word_1_94' title='bbox 751 2411 825 2459; x_wconf 88' lang='lat' dir='ltr'><strong>hic</strong></span> <span class='ocrx_word' id='word_1_95' title='bbox 850 2419 1174 2462; x_wconf 82' lang='lat' dir='ltr'><strong>remanserunt</strong></span> <span class='ocrx_word' id='word_1_96' title='bbox 1198 2415 1274 2462; x_wconf 89' lang='lat' dir='ltr'><strong>alii</strong></span> 
     </span>
     <span class='ocr_line' id='line_1_27' title="bbox 751 2489 1333 2539; baseline 0.007 -4"><span class='ocrx_word' id='word_1_97' title='bbox 751 2504 801 2535; x_wconf 87' lang='lat' dir='ltr'><strong>se</strong></span> <span class='ocrx_word' id='word_1_98' title='bbox 827 2489 1159 2538; x_wconf 84' lang='lat' dir='ltr'><strong>subtraxerunt</strong></span> <span class='ocrx_word' id='word_1_99' title='bbox 1184 2492 1333 2539; x_wconf 88' lang='lat' dir='ltr'><strong>alteri.</strong></span> 
     </span>
    </p>

    <p class='ocr_par' dir='ltr' id='par_1_9' title="bbox 463 2562 1421 2706">
     <span class='ocr_line' id='line_1_28' title="bbox 463 2562 1403 2632; baseline 0.006 -21"><span class='ocrx_word' id='word_1_100' title='bbox 463 2562 557 2611; x_wconf 89' lang='grc'><strong>344</strong></span> <span class='ocrx_word' id='word_1_101' title='bbox 817 2565 900 2614; x_wconf 84' lang='lat' dir='ltr'><strong>Hic</strong></span> <span class='ocrx_word' id='word_1_102' title='bbox 925 2583 1037 2632; x_wconf 88' lang='lat' dir='ltr'><strong>ergo</strong></span> <span class='ocrx_word' id='word_1_103' title='bbox 1062 2570 1403 2617; x_wconf 85' lang='lat' dir='ltr'><strong>remanentium</strong></span> 
     </span>
     <span class='ocr_line' id='line_1_29' title="bbox 753 2643 1421 2706; baseline 0.007 -16"><span class='ocrx_word' id='word_1_104' title='bbox 753 2643 909 2706; x_wconf 88' lang='lat' dir='ltr'><strong>presul</strong></span> <span class='ocrx_word' id='word_1_105' title='bbox 936 2644 1185 2693; x_wconf 87' lang='lat' dir='ltr'><strong>Galcherus</strong></span> <span class='ocrx_word' id='word_1_106' title='bbox 1210 2646 1421 2695; x_wconf 90' lang='lat' dir='ltr'><strong>omnium</strong></span> 
     </span>
    </p>
   </div>
   <div class='ocr_carea' id='block_1_4' title="bbox 510 2820 1205 2868">
    <p class='ocr_par' dir='ltr' id='par_1_10' title="bbox 510 2820 1205 2868">
     <span class='ocr_line' id='line_1_30' title="bbox 510 2820 1205 2868; baseline 0.007 -13"><span class='ocrx_word' id='word_1_107' title='bbox 510 2820 540 2855; x_wconf 86' lang='lat'><strong>1.</strong></span> <span class='ocrx_word' id='word_1_108' title='bbox 571 2820 700 2868; x_wconf 88' lang='lat' dir='ltr'><strong>Gomp.</strong></span> <span class='ocrx_word' id='word_1_109' title='bbox 725 2823 994 2866; x_wconf 79' lang='lat' dir='ltr'><strong>Introduction,</strong></span> <span class='ocrx_word' id='word_1_110' title='bbox 1019 2834 1124 2859; x_wconf 88' lang='lat' dir='ltr'><strong>num.</strong></span> <span class='ocrx_word' id='word_1_111' title='bbox 1147 2823 1205 2860; x_wconf 75' lang='lat'><strong>23.</strong></span> 
     </span>
    </p>
   </div>
  </div>
 </body>
</html>
