2092 3490
498 353 554 386 122
1125 346 1261 379 GESTA

558 443 609 486 9.
649 437 911 502 Episcopus
944 435 1069 483 enim
1105 441 1152 483 et
1185 437 1562 494 Cameracenses,
1604 436 1692 485 hoc
1724 438 1897 488 malum

493 516 689 567 ulterius
711 515 836 563 ferre
856 528 950 560 non
967 512 1192 570 valentes,
1222 517 1455 577 quotquot
1478 519 1677 577 possunt
1701 531 1898 581 congre-

492 600 602 660 gant
629 592 823 648 milites,
853 589 1047 654 opidum
1078 589 1137 637 de
1161 590 1452 638 Crevecuerh
1483 595 1531 638 et
1561 592 1899 641 contumaciam

493 669 727 720 castellani
746 667 1059 716 exterminare
1078 666 1336 730 cupientes.
1361 669 1639 733 Congregati
1656 685 1771 717 vero
1788 685 1899 718 con-

492 750 685 796 currunt
704 744 910 808 primum
928 743 1054 807 apud
1073 742 1336 808 Osgiacum,
1365 743 1446 792 ubi
1466 744 1741 794 castellanus
1766 762 1899 794 secu-

493 824 590 872 rius
615 821 833 870 manebat
858 826 905 868 et
929 821 976 869 in
1001 820 1132 885 cujus
1150 819 1406 868 munimine
1426 820 1593 869 fortius
1613 821 1894 871 confidebat.

493 900 658 951 Villam
683 904 839 948 autem
863 903 1011 946 totam
1031 902 1163 945 extra
1182 897 1454 946 firmitatem
1476 899 1697 964 frangunt
1720 905 1768 948 et
1789 917 1899 948 con-

492 982 724 1035 cremant,
760 976 966 1040 aliasque
992 975 1126 1024 villas
1150 974 1396 1024 devastant
1420 992 1541 1039 quae
1564 976 1687 1025 circa
1718 977 1900 1026 fuerant

493 1060 540 1103 et
564 1054 624 1103 ad
649 1070 757 1102 eum
786 1053 1101 1118 pertinebant.
1140 1056 1192 1101 In
1224 1052 1428 1101 crastino
1458 1053 1583 1117 apud
1609 1055 1900 1103 Crevecuerh

493 1131 744 1196 episcopus
776 1137 823 1179 et
855 1133 1212 1180 Cameracenses
1247 1147 1340 1179 una
1375 1131 1681 1189 conveniunt,
1723 1131 1900 1181 assultu

493 1213 722 1273 appetunt
745 1208 996 1272 villamque
1022 1223 1169 1270 usque
1194 1207 1252 1255 ad
1275 1206 1549 1254 interiorem
1567 1206 1698 1271 opidi
1716 1207 1900 1256 fortitu-

493 1285 652 1334 dinem
676 1284 888 1349 capiunt,
924 1283 1182 1348 predantur
1208 1289 1254 1331 et
1278 1283 1576 1332 comburunt.
1616 1284 1900 1334 Gastellanus

492 1362 746 1411 novissime
782 1377 1124 1427 recognoscens
1160 1361 1248 1409 sibi
1284 1361 1408 1426 juste
1442 1360 1555 1408 haec
1592 1360 1749 1409 omnia
1781 1360 1901 1410 acci-

492 1439 641 1498 disse,
679 1455 735 1487 eo
760 1432 888 1503 quod
913 1442 1009 1486 Deo
1034 1443 1082 1486 et
1106 1442 1236 1486 recto
1262 1437 1452 1486 domino
1478 1454 1564 1486 suo
1588 1437 1826 1486 restiterat
1853 1443 1901 1486 et

492 1516 788 1565 solummodo
830 1515 1065 1564 aecclesiis
1100 1514 1182 1563 Dei
1217 1520 1357 1578 atque
1390 1513 1679 1578 pauperibus
1713 1513 1901 1563 malefe-

492 1600 636 1652 cerat,
665 1593 801 1641 valde
819 1592 1035 1658 penitens
1058 1608 1224 1656 pacem
1247 1597 1293 1639 et
1313 1591 1612 1640 concordiam
1631 1607 1719 1656 per
1738 1591 1900 1640 fideles

492 1670 696 1735 quesivit
720 1676 859 1734 atque
882 1669 1093 1734 pontifici
1111 1669 1268 1735 ligiam
1284 1669 1557 1718 fidelitatem
1575 1674 1622 1717 et
1639 1668 1900 1718 hominium

491 1749 642 1797 facere
664 1747 833 1796 obtulit
852 1753 897 1795 et
916 1746 1151 1811 promisit,
1181 1746 1220 1794 si
1240 1746 1448 1810 qualibet
1465 1751 1565 1795 arte
1584 1751 1745 1810 posset
1762 1746 1900 1812 hujus

492 1826 559 1873 rei
596 1825 829 1873 licentiam
861 1824 1116 1890 impetrare
1155 1842 1182 1871 a
1217 1823 1411 1872 domino
1445 1840 1531 1872 suo
1564 1823 1738 1871 Karolo
1768 1823 1900 1872 Flan-

491 1902 701 1951 driarum
738 1902 927 1950 comite.
968 1905 1063 1950 Hec
1099 1901 1241 1966 igitur
1277 1900 1511 1948 castellani
1550 1899 1803 1965 promissio
1839 1899 1900 1949 ad

491 1996 656 2044 pacem
679 1979 809 2027 flexit
836 1979 1127 2044 episcopum,
1155 1978 1385 2042 veniaque
1411 1994 1630 2026 concessa
1655 1977 1723 2027 sic
1745 1977 1900 2026 absol-

491 2057 560 2105 vit
584 2073 692 2105 eum
718 2057 847 2121 quod
873 2056 1067 2121 opidum
1088 2056 1146 2104 de
1164 2055 1458 2106 Crevecuerh
1477 2055 1524 2103 in
1541 2060 1664 2104 statu
1685 2059 1732 2103 et
1749 2054 1902 2103 forma

491 2151 584 2199 qua
610 2134 716 2182 villa
745 2133 879 2199 prius
910 2133 1130 2181 extiterat
1160 2132 1388 2181 relocaret
1418 2149 1504 2180 nec
1533 2131 1646 2181 illud
1676 2131 1899 2196 deinceps

490 2211 590 2259 sine
634 2227 829 2260 assensu
873 2210 1080 2274 episcopi
1131 2214 1178 2257 et
1221 2209 1626 2258 Cameracensium
1673 2224 1764 2273 pro
1811 2208 1898 2256 alia

489 2287 765 2337 necessitate
789 2286 1088 2344 reformaret,
1114 2285 1411 2351 juratamque
1431 2284 1683 2334 amicitiam
1700 2284 1898 2334 firmiter

490 2370 807 2414 conservaret.
838 2363 971 2423 Quod
997 2368 1043 2411 et
1069 2362 1241 2410 factum
1266 2367 1355 2410 est.

527 2533 614 2577 10.
642 2533 724 2576 De
748 2533 981 2586 quodam
1001 2531 1213 2575 homine
1233 2529 1445 2573 nomine
1468 2529 1862 2574 werimboldo.

559 2683 575 2728 l
848 2681 899 2725 In
924 2676 1015 2724 isto
1041 2680 1204 2724 nostro
1230 2675 1478 2723 dictamine

783 2755 891 2803 volo
917 2754 976 2802 de
1000 2753 1206 2818 quodam
1233 2753 1436 2811 homine,

787 2833 846 2881 de
872 2830 1191 2882 Werimbaldo
1215 2831 1399 2878 nomine
