2092 3490
491 343 548 377 120
1124 338 1258 371 GESTA

486 431 809 487 dentissimuS,
859 427 940 492 qui
983 426 1129 475 noluit
1165 427 1392 475 assentire
1432 427 1564 476 factis
1604 427 1663 476 de
1703 429 1890 478 castello

485 506 887 563 concessionibus,
932 504 1076 552 immo
1117 504 1230 552 illud
1270 521 1378 552 cum
1415 504 1678 553 castellania
1713 505 1761 553 in
1795 506 1890 555 suis

483 584 674 634 retinuit
698 582 932 631 manibus.
962 584 1078 630 Ecce
1102 581 1231 629 venit
1257 581 1338 645 qui
1362 582 1602 646 presulem
1626 599 1719 630 non
1744 599 1890 632 nove-

481 669 571 721 rat,
596 678 702 710 ecce
721 659 850 708 venit
867 666 1110 723 tamquam
1129 658 1307 707 Pharao
1329 659 1409 722 qui
1429 659 1602 724 Joseph
1621 659 1884 725 ignorabat,

481 756 589 788 ecce
626 738 800 803 presuli
834 737 1001 786 crescit
1033 736 1168 785 labor
1201 741 1248 784 et
1284 736 1643 794 detrimentum,
1688 737 1796 801 quia
1827 737 1888 786 de

479 816 780 865 concessione
806 814 1006 863 defuncti
1033 813 1216 862 comitis
1247 813 1482 862 neminem
1513 814 1676 863 habuit
1707 820 1887 864 susten—

478 899 679 942 tatorem
711 898 873 940 contra
905 892 1061 956 ipsum
1091 891 1313 939 Karolum
1344 891 1529 940 noviter
1562 891 1882 942 constitutum.

476 970 668 1019 Noviter
694 969 818 1018 enim
844 969 1138 1018 introductus
1167 985 1331 1016 omnes
1364 985 1593 1033 occupare
1619 970 1887 1034 concupivit

476 1046 687 1095 redditus
713 1051 760 1094 et
784 1045 1007 1104 honores,
1037 1061 1343 1109 quoscunque
1370 1045 1415 1092 in
1442 1044 1538 1092 vita
1565 1061 1648 1093 sua
1661 1045 1787 1110 juste
1809 1046 1884 1095 vel

476 1123 644 1188 injuste
664 1128 910 1171 tenuerant
927 1123 1072 1187 ipsius
1088 1121 1469 1186 predecessores.
1493 1121 1579 1180 Qui
1596 1122 1717 1170 inter
1731 1128 1885 1171 cetera

475 1217 595 1263 quae
630 1215 690 1247 ex
726 1199 919 1247 consilio
958 1199 1166 1247 fidelium
1206 1198 1526 1263 disposuerat,
1573 1199 1884 1248 castellaniam

474 1275 679 1324 reddidit
696 1276 879 1342 Hugoni
899 1276 1166 1333 castellano,
1185 1292 1240 1323 eo
1252 1276 1357 1341 jure
1373 1280 1420 1323 et
1434 1276 1626 1324 servitio
1640 1293 1739 1341 ‘quo
1754 1276 1883 1342 prius

475 1370 577 1401 eam
613 1359 827 1402 tenuerat
860 1354 918 1402 de
960 1354 1054 1401 suis
1096 1353 1535 1417 predecessoribus,
1581 1353 1640 1402 de
1674 1353 1882 1402 Roberto

473 1430 647 1479 scilicet
672 1436 718 1478 et
742 1431 967 1479 Balduino
998 1431 1094 1479 filio
1126 1430 1224 1495 ejus
1252 1430 1576 1479 Flandriarum
1609 1430 1876 1479 comitibus.

471 1506 601 1555 Unde
632 1507 791 1570 presul
823 1507 986 1555 dolens
1020 1512 1066 1554 et
1100 1506 1307 1571 graviter
1338 1522 1631 1569 conquerens
1663 1506 1882 1555 convenit

470 1583 625 1647 ipsum
666 1583 980 1632 venerabilem
1023 1583 1269 1632 comitatus
1314 1599 1635 1631 successorem
1679 1589 1726 1632 et
1772 1600 1880 1632 cum

469 1677 664 1726 magnae
701 1661 973 1709 humilitatis
1009 1660 1259 1709 devotione
1299 1677 1432 1709 suam
1466 1660 1673 1724 quesivit
1705 1661 1878 1710 habere

468 1738 665 1804 gratiam
697 1744 744 1786 et
775 1755 918 1802 super
949 1738 1113 1786 ablatis
1145 1738 1533 1795 misericordiam.
1571 1738 1656 1797 Qui
1687 1738 1878 1787 tandem

469 1819 735 1863 commotus
777 1820 873 1862 tam
919 1814 1112 1863 servitio
1155 1814 1356 1879 presulis
1400 1814 1569 1878 quam¹
1619 1814 1878 1864 amicorum

465 1891 709 1954 precibus,
746 1890 1060 1939 castellaniam
1091 1891 1315 1949 retinens,
1349 1891 1588 1939 castellum
1627 1890 1833 1940 reddidit
1861 1909 1871 1939 :

466 1969 527 2016 ita
553 1973 710 2016 tamen
743 1968 871 2031 quod
903 1968 942 2016 si
972 1968 1223 2033 aliquando
1256 1968 1345 2017 sibi
1380 1968 1499 2017 foret
1531 1969 1871 2027 necessarium,

463 2045 510 2092 in
536 2045 704 2093 eodem
728 2045 921 2093 haberet
947 2046 1153 2104 castello,
1184 2046 1303 2094 sicut
1326 2045 1595 2111 episcopus,
1624 2052 1670 2094 et
1688 2046 1872 2110 plenam

463 2122 683 2170 fiduciam
708 2128 754 2170 et
778 2122 916 2171 fidele
947 2123 1198 2188 refugium.
1235 2125 1398 2172 Cetera
1429 2123 1543 2186 quid
1575 2122 1756 2172 dicam?
1786 2123 1874 2172 hoc

462 2204 614 2248 totum
640 2199 707 2248 sic
732 2205 804 2247 est
829 2216 1105 2248 concessum
1131 2200 1290 2263 sicque
1316 2200 1639 2249 constitutum.

528 2280 579 2323 8.
615 2280 696 2322 De
717 2280 947 2332 Hugone
971 2280 1291 2323 castellano.
1320 2305 1386 2314 —
1409 2280 1520 2325 Post
1545 2277 1659 2325 haec
1683 2277 1819 2326 citius
1845 2295 1872 2326 a

511 2407 544 2444 1.
574 2406 789 2443 Au-dessus
810 2405 876 2443 des
896 2411 995 2443 mots
1011 2409 1172 2452 presulis
1191 2418 1304 2452 quam
1323 2417 1374 2444 on
1393 2406 1436 2442 lit
1455 2406 1549 2444 dans
1572 2407 1606 2444 le
1630 2418 1703 2444 ms.
1725 2418 1870 2444 marcas

461 2467 649 2502 ducentas.
679 2465 785 2502 Dans
813 2465 849 2502 la
875 2465 1040 2502 Version
1069 2465 1253 2511 francaise
1281 2476 1378 2503 nous
1411 2470 1593 2504 trouvons
1624 2471 1733 2504 notre
1765 2471 1869 2505 texte

461 2525 560 2562 ainsi
580 2525 700 2563 rendu
716 2536 723 2561 :
743 2527 952 2571 Nequedent
964 2536 1033 2571 par
1042 2528 1186 2571 proiere
1200 2528 1241 2562 de
1254 2537 1306 2562 ses
1319 2529 1415 2563 amis
1430 2530 1462 2563 et
1471 2537 1569 2573 pour
1583 2526 1652 2563 200
1667 2538 1788 2564 maras·
1801 2538 1869 2574 que

462 2586 490 2619 li
515 2596 674 2630 evesques
702 2586 732 2621 li
759 2586 884 2628 bailla,
915 2587 943 2621 il
971 2587 1027 2621 lui
1054 2586 1178 2621 rendit
1206 2588 1237 2621 le
1262 2587 1385 2622 castiel
1411 2596 1456 2622 en
1484 2586 1685 2622 Gambresis
1713 2588 1761 2634 (p.
1784 2586 1867 2634 522,

460 2653 498 2678 n.
527 2642 598 2691 35).
620 2642 653 2679 Il
677 2654 702 2691 y
726 2654 749 2680 a
776 2654 864 2679 sans
890 2642 1004 2680 doute
1029 2653 1105 2680 une
1132 2642 1331 2680 confusion
1365 2642 1412 2680 de
1437 2643 1535 2680 deux
1562 2643 1648 2681 faits
1673 2643 1866 2681 differents

459 2701 554 2738 dans
574 2700 610 2738 la
625 2701 842 2749 Chronique
862 2701 909 2739 de
924 2701 1199 2748 Saint-Andre,
1217 2704 1265 2739 οὺ
1281 2701 1308 2738 il
1327 2706 1385 2739 est
1404 2702 1459 2739 dit
1475 2715 1482 2738 :
1500 2704 1566 2739 Hic
1589 2702 1863 2747 [BurchardusJ

458 2771 481 2796 a
501 2763 629 2797 comite
648 2763 843 2805 Balduino,
867 2763 957 2797 dum
976 2763 1210 2807 aeqritudine
1232 2763 1383 2798 diutina
1386 2791 1458 2799 .....
1477 2764 1671 2806 laboraret,
1695 2774 1770 2799 non
1787 2766 1865 2799 sine

455 2821 573 2863 pretio
593 2831 725 2865 mayno
745 2822 971 2856 consiliariis
991 2823 1068 2866 ejus
1089 2822 1228 2863 collato,
1248 2822 1343 2857 hanc
1356 2823 1486 2858 villam
1507 2832 1590 2856 cum
1612 2823 1714 2857 turri
1732 2824 1864 2868 recepit

461 2877 605 2922 (Chron.
629 2878 664 2914 S.
688 2880 821 2921 Andr„
847 2890 877 2914 c.
903 2878 962 2926 29,
986 2890 1021 2926 p.
1044 2878 1138 2925 546).
