2092 3490
526 337 584 371 110
1159 335 1293 369 GESTA

523 431 704 484 serant,
750 424 972 473 Galchero
1010 422 1202 488 penitus
1239 423 1641 482 abrenuntiantes,
1684 425 1920 490 quendam

521 502 731 551 Odonem
775 501 992 549 abbatem
1032 503 1079 550 S.
1121 501 1303 549 Martini
1342 501 1402 550 de
1434 504 1643 550 Tornaco
1682 502 1919 566 presulem

521 579 783 644 elegerunt,
828 577 900 625 cui
930 582 1039 641 post
1069 577 1279 626 triduum
1303 584 1574 626 consecrato
1604 578 1920 628 obedientiam

512 655 805 720 juraverunt.
834 657 886 703 In
913 654 1077 703 eadem
1099 655 1334 713 aecclesia,
1361 655 1492 720 cujus
1510 654 1655 704 abbas
1679 655 1915 715 extiterat,

518 731 702 780 duobus
714 730 847 778 annis
861 735 907 778 et
920 730 1044 794 apud
1058 729 1293 779 Inciacum
1304 747 1392 795 per
1403 731 1774 795 quinquennium
1788 731 1920 781 habi-

516 807 650 866 tavit,
683 807 818 872 eique
850 807 909 856 de
935 807 1271 857 christianitate
1304 807 1650 858 Cameracensis
1686 807 1838 859 clerus
1872 815 1920 858 et

516 884 718 949 populus
743 883 943 933 fideliter
967 883 1192 933 obedivit.

582 965 634 1008 2.
672 961 846 1013 Videns
869 978 986 1009 vero
1012 961 1262 1011 Galcherus
1287 961 1415 1026 quod
1435 962 1575 1011 etiam
1598 962 1721 1011 inter
1743 961 1918 1012 amicos

515 1038 694 1087 vilescit
718 1044 765 1086 et
788 1056 815 1086 a
839 1038 1016 1087 cunctis
1041 1038 1357 1102 postponitur,
1376 1043 1679 1107 *comparatus
1692 1038 1916 1104 jumentis

514 1115 840 1181 insipientibus
864 1115 996 1180 quasi
1025 1115 1219 1165 demens
1247 1115 1471 1180 loquitur.
1506 1120 1766 1166 Manassem
1789 1116 1915 1165 enim

514 1192 915 1257 archiepiscopum
929 1198 1067 1241 vocat
1077 1193 1405 1252 archibricum‚
1421 1193 1605 1243 asinum
1620 1199 1911 1253 coronatum,

512 1270 707 1318 idiotam
747 1269 1070 1329 indiscretum,
1117 1269 1339 1334 quicquid
1385 1269 1495 1319 facit
1539 1269 1912 1336 parvipendens,

513 1346 848 1395 dehonestans¹
867 1353 915 1395 et.
932 1346 1278 1412 blasphemanS.
1299 1346 1482 1396 Positus
1498 1363 1612 1412 ergo
1631 1352 1765 1396 extra
1780 1362 1916 1412 spem

511 1423 860 1472 misericordiae
886 1441 945 1472 ex
980 1429 1114 1488 parte
1139 1423 1381 1473 Remensis
1413 1423 1683 1483 aecclesiae,
1717 1426 1916 1473 Romam

509 1501 579 1549 ire
603 1500 788 1566 paravit
815 1518 825 1549 :
854 1507 901 1550 et
926 1500 1032 1550 ideo
1052 1500 1256 1566 quedam
1281 1501 1444 1550 tribuit
1461 1507 1510 1550 et
1530 1501 1734 1566 quedam
1750 1501 1916 1551 vendi-

509 1578 600 1636 dit,
629 1584 678 1627 et
701 1594 822 1643 quae
845 1595 939 1626 non
964 1578 1118 1643 potuit
1143 1578 1256 1627 dare
1288 1595 1376 1626 nec
1405 1578 1612 1627 vendere
1639 1584 1719 1629 aut
1746 1578 1914 1645 pigno-

507 1655 629 1703 ravit
646 1661 725 1704 aut
745 1655 1004 1720 dissipavit.
1034 1654 1291 1704 Prelibato²
1311 1655 1436 1704 enim
1459 1655 1642 1722 Hugoni
1662 1655 1911 1705 castellano

507 1731 744 1782 Cameraci
791 1732 1105 1781 castellaniam
1151 1731 1357 1781 reddidit
1411 1732 1531 1781 infra
1578 1731 1782 1782 urbem³
1824 1748 1912 1798 per

507 1825 725 1874 magnam
750 1809 995 1874 pecuniam
1023 1826 1032 1856 :
1064 1825 1207 1873 quam
1227 1808 1315 1857 sibi
1337 1825 1594 1873 numquam
1619 1806 1912 1858 reddendam

458 1893 460 1901 ⁴
506 1885 768 1935 Lietbertus
789 1886 1038 1951 episcopus
1060 1886 1330 1935 firmaverat
1360 1903 1447 1951 per
1471 1885 1913 1936 excommunicatio-

553 2062 587 2099 1.
613 2063 862 2100 dehonestans.
884 2062 994 2100 Dans
1014 2062 1048 2100 le
1066 2074 1139 2099 ms.
1162 2064 1412 2100 hehonestans.

551 2121 584 2159 2.
614 2121 666 2159 Ce
691 2126 791 2170 mot,
822 2121 922 2159 ainsi
948 2133 1021 2171 que
1048 2133 1145 2159 nous
1169 2121 1313 2159 l'avons
1332 2121 1492 2170 marque
1511 2121 1607 2159 dans
1627 2121 1911 2159 l'Jntroduction

506 2180 624 2227 (num.
647 2180 719 2229 14),
739 2185 890 2218 montre
910 2192 984 2229 que
1005 2186 1103 2219 cette
1122 2181 1197 2218 Vie
1222 2180 1370 2218 d'Odon
1395 2180 1489 2218 etait
1513 2180 1692 2228 regardee
1721 2191 1790 2229 par
1813 2180 1909 2219 l'au-

503 2244 589 2276 teur
607 2249 754 2277 comme
774 2239 811 2277 la
830 2240 1092 2278 continuation
1112 2239 1158 2277 de
1179 2240 1216 2276 la
1235 2238 1453 2287 Chronique
1473 2238 1540 2276 des
1558 2239 1723 2287 eveques
1741 2239 1788 2278 de
1801 2238 1909 2278 Gam-

502 2296 597 2345 hrai,
617 2297 640 2334 a
658 2297 821 2346 laquelle
839 2298 967 2335 devait
985 2297 1203 2346 appartenir
1221 2297 1325 2334 aussi
1347 2297 1383 2334 la
1402 2297 1477 2335 Vie
1497 2297 1543 2334 de
1564 2297 1750 2336 Gaucher.

551 2357 583 2394 3.
612 2356 862 2406 Uesta-dire,
884 2367 973 2394 sans
993 2356 1122 2404 doute,
1142 2356 1236 2405 qu'il
1255 2356 1309 2392 lui
1328 2356 1488 2394 accorda
1507 2356 1554 2394 de
1573 2356 1730 2405 remplir
1748 2356 1795 2394 de
1814 2367 1907 2394 nou-

502 2426 599 2454 veau
625 2416 681 2454 les
705 2417 895 2454 fonctions
916 2416 963 2454 de
982 2415 1192 2464 chatelain,
1211 2437 1257 2443 —
1275 2427 1366 2453 avec
1380 2415 1600 2464 jouissance
1619 2416 1685 2454 des
1705 2415 1824 2454 droits
1841 2415 1908 2465 qui

502 2486 528 2523 y
547 2475 691 2513 etaient
719 2476 902 2524 attaches,
922 2496 970 2503 ——
988 2475 1084 2512 dans
1103 2475 1140 2512 la
1158 2475 1248 2512 ville
1267 2475 1314 2512 de
1333 2475 1523 2524 Cambrai,
1546 2486 1635 2513 sans
1664 2475 1824 2523 pouvoir
1851 2475 1907 2513 lui

500 2534 677 2572 accorder
702 2534 737 2572 le
761 2536 914 2572 chdteau
940 2534 986 2571 de
1005 2534 1203 2580 Cambrai,
1234 2534 1471 2571 c'est-a-dire
1496 2533 1533 2570 la
1552 2534 1659 2582 place
1678 2533 1730 2571 du
1748 2534 1908 2573 Gateau-

501 2591 736 2640 cambresis,
769 2592 836 2641 qui
864 2603 905 2629 se
932 2592 1098 2629 trouvait
1124 2591 1223 2629 alors
1252 2597 1360 2629 entre
1388 2591 1443 2628 les
1471 2593 1597 2629 mains
1626 2592 1677 2629 du
1707 2598 1832 2630 comte
1860 2592 1907 2630 de

499 2651 663 2689 Flandre
689 2651 834 2689 Robert
852 2651 891 2688 H
912 2651 1046 2699 (comp.
1069 2650 1155 2699 plus
1181 2651 1276 2687 haut
1294 2651 1385 2688 Gest.
1409 2651 1595 2696 Galcheri‚
1624 2655 1690 2688 str.
1719 2650 1814 2700 528).
1843 2649 1904 2687 Du

499 2715 597 2747 reste
617 2710 775 2759 Hugues
800 2710 839 2747 II
867 2709 999 2759 d'Oisy
1018 2715 1083 2747 eut
1111 2710 1195 2748 soin
1222 2709 1327 2746 aussi
1354 2709 1400 2747 de
1426 2709 1721 2748 s'accommoder
1747 2720 1838 2748 avec
1861 2721 1905 2748 ce

498 2768 662 2817 dernier,
685 2781 734 2807 en
753 2780 795 2807 se
814 2769 1102 2808 reconnaissent
1121 2780 1191 2807 son
1211 2769 1335 2807 vassal
1356 2768 1491 2818 (comp.
1513 2769 1598 2818 plus
1614 2769 1681 2807 bas
1700 2769 1791 2808 aest.
1813 2770 1903 2821 βαν-

499 2830 640 2874 chardi,
664 2829 697 2877 I,
718 2840 751 2867 c.
774 2830 821 2877 5).
