2092 3490
521 319 561 353 90
1153 316 1286 349 GESTA

548 482 629 524 De
654 479 826 523 morte
846 478 1069 522 Hem-ici
1095 479 1440 531 imperatoris
1460 480 1517 524 et
1535 480 1882 524 successione

957 549 1054 592 fllii
1083 549 1203 604 eJus
1227 551 1467 595 Henrici.

520 689 613 734 509
872 686 972 731 Non
997 683 1196 732 multum
1220 684 1411 748 quidem
1435 690 1598 750 postea

806 760 867 809 ob
892 760 978 808 hec
1001 765 1048 809 et
1073 761 1218 809 multa
1242 761 1330 809 alia

806 843 1100 886 accesserunt
1123 838 1362 887 mortifera

806 915 907 980 regi
930 920 1095 963 nostro
1119 915 1371 964 contraria.

518 979 611 1041 510
871 995 987 1040 Nam
1010 991 1208 1041 fortasse
1233 992 1509 1042 caelestibus

806 1086 867 1118 ex
891 1068 1295 1134 dispositionibus¹

807 1145 1012 1194 surrexit
1033 1145 1132 1210 ejus
1156 1145 1277 1193 filius

806 1228 1030 1285 tanquam
1054 1221 1202 1269 hostis
1224 1226 1474 1270 extraneus

516 1303 599 1348 511
869 1298 1096 1347 adversus
1119 1298 1275 1362 ipsum
1300 1314 1506 1347 cesarem
1536 1317 1545 1346 z
1640 1297 1642 1300 ’

804 1376 878 1424 cui
902 1392 1142 1433 coronam,
1171 1376 1396 1434 lanceam,

804 1458 1062 1518 sceptrum,
1091 1454 1226 1518 regni
1251 1453 1511 1517 potentiam

809 1546 1093 1594 omnemque
1117 1530 1219 1578 tulit
1244 1530 1459 1595 gloriam.

514 1609 607 1658 542
868 1607 954 1666 Qui
979 1624 1005 1655 a
1031 1607 1210 1655 cunctis
1235 1607 1523 1672 principibus

803 1684 990 1749 fugatus
1013 1689 1256 1748 tamquam
1280 1684 1513 1748 reprobus

803 1761 995 1810 tandem
1022 1761 1120 1810 sine
1144 1761 1381 1826 regalibus

802 1838 889 1886 fuit
914 1837 1080 1904 Legiae
1105 1843 1337 1887 mortuus.

515 1917 608 1963 513
871 1915 946 1964 Sic
969 1916 1092 1963 filius
1116 1931 1318 1980 regnum
1339 1921 1468 1963 tenet

801 1992 874 2040 cui
901 1991 1127 2040 Henricus
1153 2007 1323 2039 nomen
1348 1998 1420 2039 est
1449 2010 1459 2039 :

805 2069 872 2116 sic
897 2068 1116 2136 imperat,
1147 2068 1213 2116 sic
1238 2068 1434 2132 optinet,

804 2145 871 2193 sic
894 2145 1114 2193 universa
1138 2145 1366 2209 possidet.

589 2304 671 2347 De
697 2302 1032 2357 profectione
1058 2302 1314 2346 Galcheri
1341 2304 1412 2346 ad
1437 2302 1834 2357 imperatorem.

515 2439 565 2484 51
579 2436 609 2484 4
868 2436 1001 2484 Illum
1026 2436 1278 2485 Galcherus
1302 2436 1416 2484 adiit

797 2513 1124 2578 justiciamque
1149 2513 1282 2578 petiit

717 2640 719 2642 .
804 2591 863 2639 de
887 2591 1093 2639 Roberto
1114 2590 1398 2639 Flandriensi

803 2668 1045 2716 turbatore
1070 2667 1272 2732 imperii.

565 2817 597 2851 1.
627 2817 937 2862 dispositionibus.
961 2815 1066 2852 Dans
1086 2815 1120 2852 le
1139 2826 1210 2852 ms.
1232 2817 1507 2861 dispotionibus.
