2092 3490
253 508 346 555 180

253 820 337 868 181

256 1132 349 1183 182

256 1443 349 1492 183

259 1753 354 1804 184

260 2068 353 2130 ⁴85

265 2379 449 2428 ⁴85bis

266 2691 359 2739 186

865 337 1053 370 NICOLAI.

543 444 605 477 ex
629 428 712 477 Dei
737 432 810 476 est
829 426 1026 493 judicio.

610 509 737 571 Ergo
761 505 844 571 qui
868 505 994 554 hunc
1018 504 1293 555 oeciderunt

543 583 609 633 nil
634 600 685 633 se
710 583 965 648 deliquisse
990 582 1193 632 credunt

543 677 631 711 nee
655 660 765 709 hine
787 660 1040 710 offendisse
1065 663 1215 710 Deum

545 755 699 803 neque
725 754 864 788 suum
889 738 1185 804 episcopum.

610 820 713 866 Non
739 816 865 865 enim
887 822 1056 881 putant
1080 816 1321 867 hominem

546 894 792 954 occidisse,
821 894 907 944 sed
932 895 1204 953 demonem,

546 989 641 1022 non
666 972 974 1022 christianum
999 972 1220 1038 aliquem,

548 1051 634 1101 sed
658 1051 920 1100 antichristi
946 1051 1164 1100 militem.

612 1132 679 1179 De
703 1132 802 1178 Deo
826 1129 930 1195 ipse
954 1130 1132 1189 neseio,

546 1207 632 1258 sed
658 1207 772 1257 novi
797 1207 857 1256 de
882 1207 1111 1272 episeopo
1227 1259 1234 1264 ,

548 1285 677 1351 quod
704 1285 765 1334 de
790 1302 902 1335 easu
926 1291 1027 1334 tam
1051 1285 1209 1335 subito

549 1364 856 1413 contristatur
881 1364 930 1412 in
955 1363 1133 1413 animo.

614 1445 732 1492 Nam
756 1442 796 1492 si
822 1442 1087 1492 Gerardum
1110 1443 1307 1492 antistes

549 1535 637 1584 per
660 1519 841 1584 probos
864 1518 967 1585 ejus
991 1519 1166 1569 milites

549 1601 741 1662 captum
765 1598 930 1647 vivum
953 1597 1202 1656 tenuisset,

550 1692 718 1742 pacem
741 1676 931 1724 firmam
954 1675 1213 1725 habuisset.

617 1753 836 1803 Dedisset
856 1770 973 1802 vero
997 1753 1253 1803 maximam

553 1831 865 1898 pecuniarum
888 1831 1079 1896 copiam

551 1915 694 1975 atque
718 1909 1060 1975 prostravisset
1084 1926 1277 1959 omnem

551 1987 854 2037 castellorum
878 1987 1176 2037 munitatem.

618 2065 936 2131 Conqueritur
959 2067 1122 2132 presul
1145 2065 1284 2115 valde

553 2145 614 2194 de
640 2145 731 2194 hoe
756 2144 967 2210 dampno
993 2150 1136 2210 atque
1160 2161 1295 2210 paee,

554 2221 751 2272 servitio
776 2226 825 2270 et
849 2238 1014 2271 amore

553 2300 787 2366 potuisset
812 2316 957 2364 quem
978 2299 1172 2349 habere.

620 2379 790 2428 Comes
814 2383 975 2427 autem
997 2377 1058 2426 de
1080 2377 1317 2427 Montibus

555 2471 666 2504 cum
688 2455 852 2504 liberis
877 2454 1151 2504 hominibus

557 2532 617 2581 de
643 2532 842 2582 Gerardi
866 2532 1062 2581 interitu

557 2610 618 2659 ad
642 2611 882 2675 presulem
907 2609 1231 2674 conqueritur.

624 2689 987 2753 Conqueruntur
1011 2686 1326 2736 communiter

559 2764 689 2831 quod
709 2769 809 2814 tam
834 2764 1056 2824 liberalis,
1087 2765 1222 2814 dives

561 2849 610 2892 et
631 2848 730 2892 tam
753 2843 1023 2892 nominatus
1047 2842 1182 2891 miles

1612 341 1668 374 199
