2092 3490
787 746 1063 812 [GESTA
1112 745 1605 810 LIETHARDF]

637 1093 836 1146 Incipit
858 1094 924 1137 de
944 1095 1135 1147 domno
1157 1094 1450 1138 Liethardo
1473 1094 1746 1148 episeopo.

596 1165 677 1207 De
728 1164 966 1208 adventu
1014 1175 1190 1218 papae
1239 1167 1383 1219 apud
1432 1165 1783 1209 cameracum

792 1236 847 1279 et
885 1237 951 1280 de
989 1237 1251 1280 electione
1290 1236 1585 1280 Liethardi.
1639 1286 1642 1289 ¹

749 1389 798 1433 In
823 1386 901 1434 illo
926 1391 1141 1451 tempore
1166 1379 1260 1451 quo
1285 1386 1372 1434 fuit
1396 1392 1609 1435 mortuus

683 1463 979 1511 Burchardus
1004 1463 1346 1512 Cameracensis
1371 1463 1644 1528 episcopus²

681 1539 846 1588 accidit
870 1540 998 1604 quod
1023 1541 1336 1597 Innocentius,

679 1617 873 1665 Romani
900 1617 1062 1682 populi
1087 1624 1199 1666 tunc
1223 1617 1523 1682 apostolicus,

551 1696 579 1740 5
678 1693 808 1742 venit
832 1695 1158 1743 Cameracumss
1186 1711 1293 1742 cum
1318 1694 1630 1743 cardinalibus

744 1776 791 1818 et
815 1787 922 1819 cum
946 1771 1180 1835 episcopis
1205 1777 1341 1819 natus
1365 1770 1425 1819 de
1451 1771 1591 1819 Gallia

680 1848 829 1896 iturus
853 1848 912 1896 ad
937 1863 1101 1912 regem
1125 1847 1184 1896 de
1209 1847 1496 1906 Alemannia,

744 1941 904 1990 regem
929 1924 1199 1973 Lotharium
1222 1924 1378 1972 virum
1402 1923 1680 1973 laudabilem

679 2004 920 2066 Deumque
943 2002 1186 2050 timentem
1210 2007 1258 2050 et
1281 2002 1488 2066 probum
1511 2001 1722 2049 militem.

519 2079 579 2125 10
744 2079 881 2142 Apud
905 2079 1127 2128 Leodium
1153 2096 1245 2127 una
1270 2078 1595 2127 conveniunt4.

678 2156 763 2214 Qui
788 2173 896 2204 cum
920 2157 1197 2204 alterutrum
1223 2172 1326 2204 sese
1349 2155 1656 2220 conspiciunt,

742 2238 937 2296 paterna
957 2233 1210 2298 prebentes
1232 2232 1433 2280 invicem
1457 2231 1631 2288 oscula,

534 2365 567 2402 1.
595 2364 725 2412 Comp.
748 2365 1013 2408 Introduction,
1037 2374 1143 2400 num.
1168 2364 1224 2400 17.

532 2423 566 2460 2.
595 2423 654 2460 En
675 2423 779 2461 1130.
801 2424 932 2471 Comp.
957 2423 1041 2471 plus
1060 2423 1154 2459 haut
1172 2434 1208 2470 p.
1235 2422 1316 2468 141,
1338 2425 1428 2458 note
1449 2422 1482 2458 1.

532 2482 565 2518 3.
593 2482 724 2519 Lamb.
747 2482 911 2518 Watrel.
934 2494 941 2517 :
965 2481 1068 2518 1131.
1092 2483 1326 2517 Innocentius
1346 2491 1443 2526 papa
1462 2482 1610 2516 veniens
1631 2480 1881 2523 Gameraeum,

484 2543 527 2577 in
551 2544 696 2578 ecelesia
724 2543 845 2578 saneti
868 2542 1037 2577 Autberti
1067 2543 1219 2576 missam
1248 2541 1440 2576 celebravit
1469 2541 1566 2585 feria
1594 2539 1616 2576 2
1649 2541 1886 2576 hebdomadae

484 2602 659 2637 secundae
688 2602 987 2646 quadrayesimae
1021 2600 1069 2647 (p.
1101 2600 1196 2646 514).
1231 2599 1281 2636 Ce
1312 2598 1420 2635 lundi
1453 2598 1613 2636 tomhait
1643 2609 1692 2636 en
1720 2598 1807 2636 1131
1838 2609 1884 2635 au

485 2658 529 2694 16
547 2669 662 2695 mars.

530 2718 565 2755 4.
592 2718 779 2756 Innocent
796 2718 835 2754 II
855 2718 979 2755 arriva
997 2718 1019 2753 ὲ
1038 2717 1154 2765 Liege
1185 2718 1220 2754 le
1245 2717 1290 2754 22
1315 2728 1418 2754 mars
1439 2717 1526 2754 1131
1547 2720 1585 2754 et
1603 2716 1629 2753 il
1648 2728 1674 2766 y
1693 2726 1884 2753 couronna

484 2775 708 2824 l’empereur
736 2776 914 2814 Lothaire
946 2777 981 2813 le
1009 2776 1053 2813 29
1083 2776 1134 2813 du
1162 2778 1288 2813 meme
1319 2776 1417 2813 mois
1448 2775 1636 2823 (Anselm.
1671 2775 1881 2822 Gemhlac.,

484 2835 580 2872 Mon.
604 2835 737 2879 Germ„
761 2841 787 2872 t.
811 2835 879 2882 VI,
901 2847 936 2883 p.
960 2835 1055 2881 383).
