2092 3490
487 350 544 383 ¹60

518 442 576 487 35

513 824 575 872 40

511 1209 573 1257 45

511 1597 571 1643 50

511 1983 571 2027 55

511 2368 571 2413 60

1122 347 1255 385 GESTA

680 453 816 487 suum
842 436 1086 484 servitium
1110 437 1205 500 pati
1231 452 1324 484 non
1350 440 1535 501 poterat
1564 453 1573 482 ε

742 512 932 577 expellit
955 512 1217 577 proximos,
1247 513 1376 578 fugat
1399 511 1682 561 domesticos

677 594 816 654 atque
842 594 1089 638 extraneos
1115 596 1240 638 amat
1263 595 1315 638 ut
1339 590 1459 638 filios
1489 608 1499 637 :

742 667 905 732 suique
931 666 1102 731 privati
1128 672 1238 716 sunt
1261 666 1515 725 Teutonici,

675 745 909 793 imberbes
930 744 1127 810 juvenes
1152 750 1199 792 et
1223 744 1350 793 lenes
1374 744 1526 808 pueri.

739 821 944 871 Tandem
970 821 1068 870 exit
1090 822 1215 871 foras
1239 838 1404 870 rumor
1430 820 1490 870 de
1513 819 1699 879 talibus,

665 900 731 948 de
757 899 1019 948 Teutonicis
1042 905 1090 948 et
1114 899 1174 949 de
1192 899 1460 965 juvenibus,

737 994 794 1025 eo
819 976 948 1041 quod
972 994 1068 1025 non
1085 976 1213 1042 jacet
1235 976 1282 1024 in
1308 993 1393 1025 sua
1418 991 1601 1024 camera

673 1054 982 1103 cubicularius
1006 1070 1092 1102 nec
1116 1059 1255 1102 notus
1280 1053 1490 1102 vernula.

737 1136 787 1180 In
810 1131 913 1179 foro
938 1131 1196 1179 vendentes
1221 1130 1418 1179 herbam
1443 1136 1490 1178 et
1515 1128 1735 1194 stipulam

674 1208 825 1257 nudos
849 1214 956 1256 ante
982 1225 1114 1256 suam
1139 1209 1302 1256 suffert
1323 1207 1627 1273 presentiam,

736 1301 974 1350 pannosos
1000 1284 1241 1334 mendicos
1265 1290 1372 1333 ante
1398 1301 1448 1333 se
1474 1284 1651 1348 patitur
1680 1302 1690 1331 ε

672 1362 756 1411 sed
781 1367 978 1427 propter
999 1362 1248 1411 Dominum
1273 1361 1398 1410 istud
1420 1379 1514 1410 non
1539 1360 1710 1427 agitur,

736 1439 784 1487 in
809 1445 1038 1503 quantum
1059 1439 1263 1488 vidimus
1289 1445 1429 1503 atque
1453 1438 1759 1504 probavimus

671 1517 749 1581 qui
777 1516 848 1565 sui
872 1516 1044 1580 privati
1068 1533 1171 1565 esse
1196 1516 1463 1565 debuimuS.

737 1597 787 1643 In
814 1594 956 1642 corde
981 1593 1119 1652 illius,
1148 1599 1305 1658 mente
1327 1599 1375 1642 et
1398 1593 1552 1642 anima

671 1671 736 1719 ita
759 1671 1052 1735 plantaverat
1076 1688 1125 1719 se
1151 1671 1361 1727 avaritia,

737 1748 872 1797 radix
897 1749 1134 1797 nominata
1157 1748 1390 1797 malorum
1413 1747 1649 1806 onnium¹‚

672 1826 799 1890 quod
825 1832 978 1874 totum
1002 1826 1248 1875 abscondit
1270 1826 1314 1873 in
1342 1825 1481 1874 archa
1504 1824 1741 1873 redditum
1767 1841 1778 1872 :

734 1921 825 1967 que
851 1903 939 1952 sibi
965 1904 1223 1968 prohibens
1248 1904 1444 1952 honeste
1469 1902 1630 1950 vivere

672 1980 791 2028 sicut
813 1981 1088 2045 episcopum
1113 1981 1308 2029 decebat
1330 1980 1501 2036 facere,

733 2058 792 2106 ad
816 2059 906 2106 hoc
930 2058 1184 2107 novissime
1206 2058 1358 2123 coegit
1383 2057 1606 2122 cupidum

668 2135 796 2198 quod
822 2152 960 2183 suum
985 2135 1196 2198 linquere
1221 2134 1331 2183 fecit
1354 2134 1626 2198 hospitium.

732 2211 886 2260 Exivit
911 2204 1085 2259 etenim
1111 2212 1169 2260 de
1195 2211 1338 2260 domo
1363 2210 1572 2275 propria,

665 2288 856 2353 jubente
882 2306 1053 2337 venere
1080 2293 1128 2336 et
1153 2288 1363 2346 avaritia,

736 2366 956 2430 vaditque
982 2365 1042 2413 ad
1065 2371 1276 2413 montem
1300 2364 1443 2412 sancti
1473 2363 1712 2429 Gaugerici

667 2443 714 2490 in
740 2442 883 2490 domo
905 2442 1115 2491 Abdonis
1140 2442 1382 2507 cujusdam
1408 2440 1582 2498 clerici,

731 2519 890 2583 ibique
915 2519 1091 2566 habitat
1116 2518 1175 2566 ad
1202 2523 1365 2566 votum
1388 2516 1654 2582 proprium,

667 2596 844 2645 nullum
871 2614 898 2644 a
923 2595 1106 2644 famulis
1131 2611 1303 2660 rogans
1330 2594 1588 2643 servitium.

731 2673 821 2722 Sed
847 2689 992 2736 quare
1017 2678 1201 2721 maneat
1226 2672 1290 2720 ibi
1318 2672 1355 2719 si
1379 2672 1562 2729 dixero,

522 2846 552 2882 1.
583 2845 717 2893 Comp.
742 2846 774 2882 1.
800 2847 907 2889 Tim„
932 2845 1001 2891 VI,
1025 2845 1080 2881 10.
