2092 3490
765 395 767 399 V
836 346 1022 380 Nlcoml.
1578 346 1639 379 ‘219

265 499 418 554 Quod
449 497 604 543 cives
636 496 852 541 domum
883 493 1140 549 Symonis
1169 492 1590 546 prostraverint.

227 637 321 684 3⁴9
584 630 799 682 Universi
825 630 1032 679 fatentur
1057 646 1107 678 se

521 709 732 777 episcopi
755 709 886 758 viros
911 724 1015 757 esse

521 794 570 838 et
593 786 769 837 trevias
795 786 855 836 de
881 787 1086 851 Symone

520 866 687 916 nolunt
710 864 754 914 ei
779 863 1038 913 concedere
1069 882 1079 911 ε

229 949 322 999 320
587 943 672 993 sed
697 959 807 992 cum
831 942 915 991 de¹
944 958 1060 1007 pace
1084 940 1207 990 illius

521 1028 569 1071 et
595 1021 655 1071 de
679 1019 844 1069 treviis
866 1018 1094 1083 loquitur,

522 1105 654 1149 tanto
677 1097 829 1164 magis
852 1097 1120 1145 irascuntur

524 1182 572 1225 et
595 1175 755 1225 ledere
780 1173 1056 1223 moliuntur.

232 1258 316 1308 321
589 1252 675 1313 Qui
701 1251 892 1316 Symoni
919 1255 973 1299 ut
996 1249 1248 1298 ostendant

527 1348 638 1381 suae
661 1329 790 1396 pacis
814 1328 1061 1386 incuriam,

525 1410 891 1474 prostraverunt
916 1405 1112 1467 domum
1140 1420 1274 1453 suam

524 1487 612 1535 hac
636 1486 683 1534 in
711 1478 831 1534 urbe
854 1482 992 1532 valde
1017 1483 1193 1532 bonam

234 1569 329 1618 322
592 1580 714 1629 quae
739 1562 935 1612 sedebat
960 1561 1009 1610 in
1035 1565 1219 1610 sacrato

524 1647 711 1691 sanctae
736 1640 906 1690 Mariae
933 1639 1054 1688 atrio

527 1719 660 1785 cujus
686 1717 841 1767 omnis
865 1717 1069 1765 violator

528 1801 807 1863 segregatur
830 1812 857 1842 a
882 1793 1100 1843 Domino.

236 1878 330 1927 323
595 1873 666 1924 Ab
692 1873 771 1921 illo
794 1872 870 1921 die
895 1871 1069 1920 etenim

530 1967 626 2017 quo
651 1950 860 1999 dicatum
884 1948 1117 2015 templum
1143 1948 1230 1998 fuit

529 2035 639 2079 sunt
663 2029 943 2077 infractores
968 2027 1075 2076 atrii

529 2124 696 2156 omnes
721 2105 1115 2156 excommunicati
1143 2123 1152 2152 ε

236 2187 332 2238 324
597 2191 645 2234 et
669 2184 852 2234 ratione
879 2183 1017 2250 legali

530 2279 765 2328 nusquam
789 2267 992 2327 possunt
1016 2259 1234 2310 excusari

529 2358 616 2390 nec
641 2339 831 2391 defend-i
857 2339 972 2404 quin
999 2338 1093 2388 sint
1118 2338 1185 2387 rei

529 2416 1047 2469 excommunicationis.

239 2500 332 2550 325
353 2540 359 2544 .
596 2496 759 2546 Presul
783 2512 900 2544 vero
927 2494 1004 2543 die
1029 2494 1107 2542 illa

534 2592 629 2639 qua
651 2573 740 2623 fuit
765 2573 936 2623 domus
961 2572 1121 2626 diruta

532 2652 592 2701 ad
616 2651 864 2701 Thumium
891 2655 1169 2716 perrexerat
1201 2667 1210 2695 ε

287 2803 322 2840 1.
348 2803 404 2839 de.
426 2801 534 2840 Dans
551 2800 588 2839 le
606 2811 680 2838 ms.
702 2799 903 2838 au-dossus
922 2799 970 2837 de
990 2799 1026 2837 la
1044 2798 1160 2846 ligne.
