2092 3490
267 671 328 718 85

264 982 327 1029 86

263 1294 326 1341 87

261 1603 324 1650 88

262 1914 323 1962 89

263 2228 326 2274 90

259 2539 313 2588 91

827 349 1052 383 ὓΑωΗΕΒΙ.

527 437 619 486 Iste
646 437 774 487 labor
797 445 866 487 est
890 441 1137 498 mammae,

528 515 813 564 contradicat
830 516 914 565 ille
935 517 1063 566 solus

527 594 607 657 qui
630 593 773 657 fuerit
796 596 1049 660 episcopua.

593 670 686 720 Sed
711 688 821 721 cum
844 671 935 721 illis
961 672 1177 739 angustia

526 754 708 797 crescat
732 750 882 816 magis
907 767 1050 815 quam
1075 750 1272 809 minuat,

525 826 745 892 ignorant
766 844 855 893 per
878 845 1022 892 quem
1045 829 1199 877 valeat

524 905 774 954 reformari
801 906 1045 954 aecclesia.

591 985 803 1042 Querunt
827 983 950 1031 infra
975 989 1024 1032 et
1048 983 1257 1048 undique

523 1076 668 1125 quem
692 1060 879 1110 valeant
903 1060 1077 1127 eligere

521 1137 603 1202 qui
628 1137 844 1187 hostibus
866 1139 1118 1189 aecclesiae

523 1215 675 1282 magis
698 1216 851 1281 possit
874 1216 1116 1266 resistere.

588 1296 649 1344 At
673 1294 1031 1360 circumspectis
1055 1295 1276 1345 omnibus

522 1388 618 1420 non
639 1372 876 1422 invenitur
897 1372 1096 1423 clericus

521 1448 604 1514 qui
628 1465 776 1514 penas
800 1467 910 1499 cum
934 1451 1226 1501 certantibus

522 1525 724 1575 sufferre
750 1532 894 1592 queat
917 1527 1088 1577 melius

587 1620 732 1668 quam
755 1604 977 1654 Galcerus
1002 1604 1282 1670 prelibatus,

522 1681 604 1746 qui
628 1688 703 1731 est
725 1683 1106 1733 archidiaconus1

521 1764 663 1825 atque
688 1760 911 1810 defensor
936 1761 1147 1827 optimus

522 1843 688 1887 contra
711 1838 906 1889 hostiles
931 1839 1139 1905 impetus
1165 1857 1175 1887 :

588 1915 670 1981 qui
694 1917 837 1966 etiam
861 1918 1135 1983 nuperrime

521 1999 682 2043 sancte
706 1995 845 2061 hujus
867 1996 1119 2046 aecclesiae

520 2071 728 2122 invasori
752 2080 967 2138 apostate

523 2150 713 2201 volebat
734 2153 1074 2219 contradicere.

588 2232 703 2278 Erat
726 2235 774 2279 et
798 2247 939 2280 causa
964 2231 1053 2279 alia

522 2307 636 2356 satis
662 2313 829 2373 patens
853 2315 900 2358 et
924 2325 1132 2375 congrua

519 2390 574 2434 ut
597 2385 645 2434 in
671 2392 831 2435 sancta
856 2387 1078 2435 aecclesia

521 2461 668 2512 decus
691 2480 916 2531 magnum
942 2465 1170 2530 optineat.

584 2544 702 2590 Nam
726 2548 865 2592 natus
890 2548 964 2592 est
989 2542 1219 2592 nobilium

520 2617 581 2667 de
602 2635 777 2685 genere
802 2621 1099 2685 pontificum,

521 2697 726 2747 nutritus
750 2698 811 2747 ad
833 2699 1116 2749 Noviomum

277 2863 312 2900 1.
339 2861 472 2912 Comp.
494 2863 579 2913 plus
599 2864 694 2903 haut
713 2871 780 2904 str.
803 2867 861 2903 81.

1616 351 1650 389 17'
