2092 3490
816 343 1042 378 GALGHERI.
1595 341 1635 376 43

221 436 319 489 243
581 434 722 483 Fulco
746 433 891 482 libras
917 432 1157 500 sexaginta

515 517 564 562 et
587 510 853 560 Amolricus
874 510 1068 578 triginta

514 588 768 654 multique¹
796 588 945 638 multa
969 587 1057 636 alia

517 667 580 716 ob
604 666 692 716 hec
715 665 892 716 habent
914 665 1138 715 facinora.

220 745 320 799 244
580 747 782 810 Propter
806 744 966 793 datam
990 742 1239 808 pecuniam

514 828 628 872 tunc
651 823 889 871 affirmant
911 821 1231 887 francigenam

514 900 716 949 multum
740 905 923 949 secreto
948 899 1236 949 Manassem2

515 978 563 1027 in
589 977 835 1027 dominum
859 983 908 1026 et
931 977 1191 1042 presulem.

220 1057 317 1111 245
579 1058 646 1105 De
671 1073 766 1121 quo
790 1055 995 1121 receptis
1019 1054 1216 1120 prediis,

513 1133 656 1182 terris
682 1133 780 1182 suis
805 1139 854 1182 et
878 1132 1035 1191 fiodis,

513 1211 630 1260 dant
653 1211 697 1260 ei
721 1216 915 1278 pactum
939 1210 1052 1260 fidei

513 1289 648 1356 quasi
670 1306 756 1339 suo
775 1289 876 1356 jam
900 1288 1098 1355 presuli.

218 1369 317 1422 246
578 1371 863 1433 Monentque
887 1367 1019 1416 illum
1041 1369 1304 1415 Manassem

515 1450 570 1495 ut
592 1450 732 1513 roget
754 1445 1125 1511 archipresulem

512 1529 663 1573 totam
687 1528 797 1590 post
822 1523 943 1572 hanc
968 1521 1215 1572 ecclesiam

514 1601 832 1651 imbannizare
857 1599 1079 1667 patriam.

218 1679 315 1733 247
578 1682 698 1728 Nam
720 1680 812 1729 hoc
832 1679 923 1728 erit
948 1678 1132 1728 occasio

513 1757 574 1807 de
596 1758 824 1807 Galchero
849 1757 1075 1823 episcopo

515 1835 576 1886 ab
600 1835 782 1885 honore
806 1834 1104 1901 expellendo,

513 1913 552 1962 si
577 1914 721 1979 positi
747 1918 858 1963 sunt
882 1913 930 1962 in
954 1913 1130 1962 banno.

217 1991 314 2046 248
576 1992 787 2041 Perfecta
813 1997 923 2041 sunt
946 1992 1034 2040 hec
1059 1989 1219 2040 omnia
1250 2007 1260 2038 :

512 2070 560 2119 in
585 2070 744 2119 banno
771 2075 844 2119 est
867 2068 1093 2119 aecclesia

511 2153 560 2198 et
584 2148 741 2197 omnis
764 2148 854 2197 ista
878 2147 1033 2214 patria

510 2242 602 2292 pro
627 2225 839 2276 Galcheri
865 2225 1072 2274 infamia.

244 2409 327 2454 Do
349 2408 525 2453 morte
544 2407 842 2464 Ragmaldi
861 2407 1155 2452 Remensis
1179 2404 1602 2461 archiepiscopi.

213 2565 310 2616 249
574 2566 667 2615 Illis
692 2545 852 2616 autern
877 2566 924 2615 in
950 2566 1120 2616 diebus

509 2643 756 2693 defunctus
781 2650 853 2693 est
878 2644 1163 2710 Raginaldus

263 2805 298 2842 1.
325 2807 520 2852 multique.
544 2804 645 2843 Mots
664 2804 780 2843 ecrits
802 2805 899 2843 dans
919 2805 954 2843 lc
973 2816 1046 2843 ms,
1069 2803 1276 2843 au-dessus
1295 2803 1342 2840 de
1361 2802 1398 2840 la
1417 2802 1534 2850 ligne.

262 2865 298 2903 2.
326 2867 545 2903 Manassem.
569 2865 650 2903 Mot
669 2865 795 2914 aj0ute
814 2865 909 2903 dans
929 2865 964 2902 le
984 2876 1057 2902 ms.
1079 2864 1280 2902 au-dessus
1301 2863 1348 2901 de
1370 2863 1405 2900 la
1424 2862 1539 2910 ligne.
