2092 3490
858 319 1084 355 cuonem.
1641 329 1678 363 13

554 407 637 457 sed
662 414 858 458 ventum
883 416 955 459 est
977 411 1037 460 ad
1060 412 1287 478 gladium,

552 485 612 534 ad
636 486 810 551 predas
834 493 883 537 et
906 488 1192 540 incendium.

292 564 354 611 68
617 566 861 616 Frustrato
886 566 1014 615 enim
1033 571 1244 618 Manasse

553 658 700 706 penas
725 643 881 692 ferunt
906 645 1157 695 aecclesiae

553 718 840 785 quicumque
863 727 1066 785 possunt
1090 723 1295 772 maxime

552 802 652 846 tam
674 798 825 847 verbo
850 816 994 864 quam
1017 805 1066 848 et
1090 817 1254 866 opere.

293 873 354 920 69
617 877 736 923 Nam
758 881 920 925 tenent
945 877 1210 938 solidarios,

551 956 716 1001 tenent
739 953 945 1003 latrones
967 955 1206 1015 horridos,

550 1029 900 1096 depopulantur
924 1032 1137 1092 clericos,

550 1114 743 1173 captant
766 1109 895 1159 cives
920 1114 967 1158 et
991 1111 1212 1160 rusticos.

289 1185 352 1232 70
616 1189 809 1237 Vastant
832 1187 967 1237 villas
991 1193 1041 1237 et
1065 1190 1250 1254 predia,

551 1262 678 1312 bona
701 1271 986 1315 consumunt
1010 1267 1184 1327 omnia,

551 1340 600 1389 in
625 1341 712 1391 hac
736 1343 912 1409 ubique
934 1345 1089 1410 patria

551 1419 634 1468 vix
656 1426 870 1471 remanet
894 1422 1118 1489 agricola.

257 1579 507 1634 Qualiter
524 1553 916 1627 Atrebatensis
936 1584 1219 1629 aecclesia
1234 1595 1270 1629 a
1290 1585 1677 1633 cameracensi

314 1652 393 1696 sit
428 1653 613 1698 divisa
654 1654 711 1698 et
754 1657 822 1699 de
860 1656 1155 1702 Lamberto
1199 1658 1376 1712 primo
1427 1659 1676 1714 ejusdem

315 1723 564 1770 civitatis
595 1726 873 1781 episcopo.

289 1867 344 1914 7⁴
619 1868 779 1933 Surgit
803 1867 849 1916 in
876 1885 933 1918 eo
957 1874 1177 1934 tempore

548 1951 789 1994 crescente
813 1946 860 1995 vi
887 1946 1151 1996 discordiae

548 2021 658 2072 huic
681 2023 821 2072 matri
849 2024 1099 2074 aecclesiae

548 2100 725 2150 malum
746 2101 1075 2151 inestimabile.

282 2177 348 2228 72
609 2182 709 2228 Hoc
733 2179 859 2228 enim
884 2180 1008 2229 inter
1024 2180 1237 2248 jurgium

539 2257 665 2322 apud
690 2257 861 2306 urbem
885 2258 1185 2308 Attrebatum

549 2342 742 2385 sumunt
767 2353 935 2386 omnes
957 2337 1204 2387 consilium

549 2412 750 2480 eligendi
777 2415 1103 2480 episcopum1.

253 2594 356 2634 C’est
373 2596 634 2636 evidemment
651 2609 729 2637 une
748 2599 901 2648 dispute
920 2600 1106 2649 violente,
1137 2606 1175 2639 et
1200 2613 1268 2651 pas
1293 2601 1345 2639 du
1370 2606 1454 2639 tout
1473 2602 1671 2652 poetique,

253 2655 320 2704 qui
338 2660 398 2693 est
417 2659 598 2706 marquee
618 2668 687 2706 par
705 2668 748 2696 ee
768 2663 904 2707 terme,
920 2671 994 2708 que
1008 2670 1107 2698 nous
1127 2665 1310 2699 trouvons
1330 2661 1506 2710 employe
1525 2673 1580 2698 un
1600 2672 1675 2710 peu

254 2714 342 2763 plus
360 2715 428 2754 bas
447 2718 498 2765 (p.
522 2716 607 2764 512,
628 2717 654 2755 l.
677 2717 733 2766 51)
756 2718 852 2756 dans
871 2719 906 2757 le
926 2722 1056 2759 meme
1076 2731 1178 2758 sens.

303 2774 337 2811 1.
364 2774 570 2814 L'histoire
590 2775 642 2813 du
659 2777 969 2817 retablissement
989 2779 1040 2816 du
1062 2779 1167 2827 siege
1187 2779 1379 2827 episcopal
1393 2778 1551 2816 d'Arras
1564 2779 1674 2828 apres

255 2832 293 2871 la
310 2839 412 2872 mort
429 2835 476 2873 de
491 2836 635 2874 Gerard
652 2836 705 2885 ΙΙ,
727 2849 818 2875 avec
837 2837 893 2876 les
913 2838 1040 2887 pieces
1061 2838 1258 2876 officielles
1278 2839 1343 2887 qui
1364 2838 1421 2888 s'y
1439 2843 1672 2887 rapportent‚
