2092 3490
220 514 314 564 302

221 825 314 871 303

218 1131 312 1181 304

218 1446 311 1493 305

218 1758 312 1805 306

218 2069 312 2115 307

219 2380 311 2426 308

223 2692 315 2738 309

808 346 1035 380 GALGHERL

509 436 585 484 hic
609 436 748 485 dictis
773 442 822 485 et
846 437 1080 502 superius.

575 516 692 562 Nam
715 514 848 564 illum
872 515 980 563 hinc
1004 515 1282 582 episcopum

509 591 827 658 magnificant,
856 592 1140 643 benedicunt

508 675 554 718 et
580 670 784 736 gratiant
806 676 853 720 et
878 670 1079 737 diligunt

508 747 558 796 hi
583 748 726 797 etiam
751 749 833 813 qui
859 749 1040 799 odiunt.

579 825 705 874 Fecit
730 831 842 891 post
864 827 980 875 haec
1006 843 1150 891 quam
1176 827 1310 877 citius

508 902 736 952 ultionem
761 904 1013 970 episcopus

510 980 570 1029 de
596 980 775 1030 clericis
800 982 1021 1032 euntibus

510 1057 671 1108 Remis
697 1058 756 1107 ad
783 1075 922 1108 suum
947 1059 1171 1109 dedecus.

575 1135 845 1185 Prebendas
870 1136 959 1186 illis
985 1137 1193 1196 abstulit,

509 1213 836 1277 possessiones
860 1214 1006 1264 diruit
1037 1234 1046 1263 :

509 1308 714 1356 quorum
738 1292 943 1342 honores
968 1295 1137 1342 ceteris

511 1368 600 1417 sibi
627 1370 851 1436 subjectis
877 1372 1088 1420 contulit.

576 1447 661 1496 Hic
685 1448 746 1497 ad
771 1448 910 1498 istam
935 1450 1208 1499 aecclesiam

511 1524 667 1574 clerici
693 1526 773 1590 qui
801 1534 1127 1576 remanserant

508 1619 597 1667 per
621 1603 826 1652 eundem
851 1605 1127 1669 pontificem

510 1680 592 1730 Dei
618 1687 763 1747 agunt
788 1683 1082 1732 servitutem.

576 1760 703 1817 Quos
728 1760 890 1824 presul
916 1778 1028 1825 sepe
1056 1761 1230 1819 visitat,

510 1835 691 1885 servire
715 1840 812 1886 Deo
838 1837 1003 1888 incitat

511 1919 834 1979 quantumque
860 1922 1019 1980 potest
1043 1916 1237 1982 adjuvat

511 1996 558 2038 et
583 1991 629 2039 in
655 1992 799 2041 rebus
824 1993 1121 2059 multiplicat.

577 2069 664 2129 Qui
690 2076 893 2135 quatuor
918 2072 1080 2120 altaria

510 2146 570 2195 de
596 2148 835 2214 Cantengh
862 2154 910 2197 et
935 2149 994 2198 de
1020 2150 1220 2208 Rihwia,

510 2224 571 2273 de
596 2225 844 2274 Wanbaizs
870 2232 918 2274 et
942 2226 1002 2275 de
1031 2228 1242 2277 Wethria

510 2300 642 2351 dedit
667 2303 734 2351 eis
759 2310 807 2352 et
832 2304 936 2353 alia.

576 2383 704 2429 Tunc
728 2381 968 2447 aliquanto
993 2390 1210 2449 tempore

511 2459 685 2507 mansit
709 2459 817 2509 huic
842 2462 1093 2511 aecclesiae

511 2539 558 2583 et
584 2552 720 2585 amor
744 2554 853 2587 cum
880 2540 1106 2589 solamine

512 2619 559 2663 et
583 2631 678 2678 pax
703 2633 811 2665 cum
836 2618 1144 2682 plenitudine.

580 2693 715 2751 Quod
741 2694 896 2744 clerici
922 2713 1031 2745 cum
1056 2697 1296 2746 audissent

514 2768 595 2832 qui
617 2768 715 2835 jam
740 2772 900 2820 Remis
925 2773 1155 2831 abierant,

515 2852 610 2896 tam
638 2841 816 2899 temere
841 2851 1084 2903 ecclesiam.

1591 350 1630 384 53
