2092 3490
260 572 358 622 450

261 883 349 933 451

262 1195 360 1248 452

263 1507 361 1557 453

266 1817 363 1867 454

264 2130 362 2180 455

265 2442 363 2493 456

265 2674 360 2724 457

881 329 1067 364 NIGOLAI.

558 418 699 485 legati
724 423 884 468 tamen
908 418 1091 486 regiam

555 496 866 561 pertimentes
890 498 1171 563 potentiam,

623 574 754 639 quod
779 575 989 625 fecerant
1012 575 1062 624 id
1086 576 1242 626 facere
1303 631 1306 634 ,

557 652 688 718 quod
704 652 924 719 jurarant
949 653 999 703 id
1017 653 1182 720 jurare

556 730 730 779 vellent
754 731 933 781 nollent
957 748 1158 799 coegere

557 809 833 874 superbiam
857 810 1171 860 communiae.

623 887 973 953 Cognoscentes
998 888 1058 937 ad
1083 888 1302 939 ultimum

557 980 610 1012 se
633 981 723 1029 per
747 965 926 1015 malum
950 966 1199 1016 consilium

556 1042 811 1092 offendisse
836 1043 1117 1109 episcopum

556 1124 699 1184 atque
724 1136 865 1170 suum
887 1121 1212 1182 castellanum,

622 1203 802 1247 terram
827 1216 945 1248 vero
969 1201 1286 1251 commovisse

556 1275 704 1325 immo
726 1281 878 1326 totam
903 1278 1230 1344 perturbasse,

557 1353 822 1403 incendisse
847 1360 894 1404 et
917 1356 1148 1420 predasse

558 1431 719 1496 nilque
746 1431 836 1481 sibi
861 1433 1139 1498 profecisse,

625 1509 740 1559 dicit
765 1510 884 1560 alter
909 1511 969 1560 ad
994 1512 1196 1562 alterum
1223 1531 1234 1562 :

558 1586 855 1637 Peccavimus
881 1596 1041 1638 eontra
1065 1590 1212 1639 Deum

560 1671 722 1713 eontra
742 1672 950 1715 nostrum
973 1667 1223 1717 dominium

559 1744 849 1794 incurrentes
869 1747 1150 1810 perjurium.

626 1825 1038 1888 Recognoscentes
1061 1825 1204 1874 etiam

559 1914 648 1963 per
671 1899 908 1966 majorum
931 1902 1205 1967 superbiam

561 1992 612 2026 se
636 1976 804 2027 fecisse
829 1979 1076 2029 stultitiam

559 2060 726 2105 contra
749 2059 901 2106 Deum
925 2063 974 2106 et
996 2059 1240 2124 presulem

626 2137 675 2181 et
699 2133 748 2182 in
773 2151 942 2184 eorum
966 2137 1122 2202 capita

560 2210 852 2262 redundasse
877 2214 1101 2264 universa

560 2289 917 2341 malefactorum
942 2310 1091 2358 opera

561 2372 610 2415 et
634 2368 842 2418 crevisse
867 2369 1170 2430 detrimenta,

627 2445 762 2510 quasi
786 2446 897 2496 victi
923 2453 971 2496 et
995 2448 1196 2507 confusi,

559 2523 825 2587 penitentes
849 2530 898 2574 et
921 2526 1117 2592 trepidi,

559 2605 748 2650 ostensa
773 2602 928 2651 fronte
950 2603 1134 2663 humili,

625 2672 893 2729 dilexerunt
917 2681 1192 2746 pontificem

562 2761 611 2805 et
635 2758 937 2808 castellanum
964 2762 1222 2826 Symonem

563 2836 868 2885 sacramentis
893 2838 1196 2887 concordiam

1625 337 1686 372 239
