2092 3490
797 336 1023 370 GALGHERI.
1056 360 1059 363 -

205 423 301 473 477
564 425 778 475 Ansellus
803 425 866 475 ob
891 426 981 476 hoc
1004 426 1212 493 trepidat
1284 472 1288 479 .

497 521 643 569 seque
667 504 849 553 absolvi
873 505 1097 570 postulat,

498 579 557 629 de
581 581 740 631 reditu
764 599 859 631 non
885 583 1060 649 cogitat

497 658 723 708 Galchero
749 676 845 711 non
870 661 1124 710 renuntiat.

457 823 538 867 De
568 823 837 879 electione
866 825 1068 885 odonis
1097 826 1358 886 episcopi.

203 967 297 1016 478
561 975 692 1020 Nunc
716 972 850 1037 quasi
876 972 924 1020 in
947 972 1204 1037 principio.

493 1065 554 1097 ex
580 1049 876 1099 Clarimontis
901 1050 1083 1115 synodo

492 1131 748 1175 renovatur
771 1127 980 1176 turbatio

492 1204 816 1254 Cameracensi
839 1206 1037 1271 populo,

201 1276 295 1324 479
557 1283 660 1330 Non
685 1282 887 1331 multum
912 1283 1039 1332 enim
1065 1283 1249 1350 longius

488 1356 625 1422 jubet
649 1359 1032 1426 archiepiscopus

492 1440 544 1483 ut
568 1438 807 1486 Cameraci
832 1438 950 1487 alius

492 1512 689 1579 eligatur
714 1515 985 1582 episcopus,

198 1587 294 1636 480
556 1595 648 1641 Pro
673 1593 746 1642 his
770 1593 1111 1644 monitionibus

491 1669 652 1719 Remis
676 1687 844 1720 omnes
868 1671 1169 1737 perreximus

491 1752 539 1795 et
563 1748 692 1812 quod
714 1749 822 1798 inde
847 1754 1121 1814 pateremur

491 1824 751 1888 periculum
772 1827 1090 1887 ostendimus,

198 1897 285 1946 484
559 1901 767 1952 dicentes
794 1921 805 1951 ι
835 1904 978 1953 Pater
1004 1907 1187 1970 optime,

489 1995 547 2027 ne
572 1995 708 2044 eoqas
732 1997 814 2029 nos
840 1981 921 2030 hoe
947 1988 1144 2047 tempore

490 2057 750 2107 electionem
775 2060 928 2123 faeere

490 2135 547 2183 de
573 2136 726 2200 aliquo
748 2139 981 2202 pontifice.

198 2209 293 2261 482
555 2212 672 2262 Nam
699 2214 939 2264 Cameraei
963 2216 1134 2265 residet

487 2291 626 2339 nimis
644 2294 961 2357 potentialiter

494 2367 747 2419 Galcherus
773 2371 882 2420 olim
900 2373 1111 2437 pontifeoe

490 2453 535 2494 et
558 2463 640 2496 nos
666 2455 790 2496 amat
813 2455 858 2497 et
881 2452 1079 2499 sustinet
1105 2466 1123 2498 .·

196 2521 292 2571 483
556 2530 615 2573 et*
619 2541 706 2590 per
729 2542 812 2575 nos
837 2535 970 2592 roqat
992 2530 1173 2577 veniam

488 2608 533 2650 et
555 2603 599 2650 si
621 2603 672 2651 in
697 2619 747 2653 eo
773 2605 978 2670 aliquam

490 2695 581 2729 non
605 2679 742 2730 habes
761 2684 1052 2747 patientiam,

491 2758 582 2806 sibi
604 2759 722 2822 facis
747 2761 988 2824 injuriam.

199 2830 296 2879 484
558 2834 656 2885 Lea:
682 2837 801 2885 enim
826 2840 971 2887 omnis
991 2838 1218 2902 predicat,
