2092 3490
524 358 563 391 88
1156 351 1290 384 GESTA

525 443 619 492 504
879 439 1079 489 Obertus
1103 438 1233 486 illum
1257 438 1437 502 recipit,

813 519 1064 564 veneratur
1086 529 1141 562 ac
1166 513 1316 579 diligit

813 592 994 655 sibique
1018 590 1167 638 donec
1189 590 1337 638 voluit

812 673 964 717 totum
988 683 1177 716 necesse
1201 665 1383 715 tribuit.

524 749 616 794 505
651 774 653 777 .
877 747 974 792 Hoc
998 742 1166 791 accidit
1190 743 1368 791 interea

811 820 940 884 quod
963 837 1048 868 rex
1073 824 1233 868 noster
1257 822 1552 867 concesserat

812 903 863 946 ut
886 896 1118 945 Robertus
1143 896 1202 945 de
1226 895 1440 944 Flandria

811 975 930 1022 hanc
951 974 1119 1022 urbem
1144 972 1203 1020 de
1226 989 1276 1021 se
1301 977 1473 1020 teneat.

525 1055 617 1101 506
880 1053 1026 1110 Quam
1050 1049 1262 1114 possedit
1286 1055 1333 1097 et
1356 1049 1519 1098 habuit

812 1128 962 1176 donec
986 1127 1243 1190 imperator
1267 1125 1385 1174 vixit

810 1209 1054 1267 totumque
1081 1203 1209 1267 quod
1235 1208 1307 1251 est
1332 1203 1447 1268 regii

811 1280 1016 1345 suscepit
1041 1279 1291 1329 beneficii1.

523 1361 615 1407 507
876 1357 977 1406 Odo
1002 1373 1116 1404 vero
1140 1356 1390 1420 episcopus

810 1434 869 1482 de
894 1450 988 1498 quo
1013 1434 1178 1498 scripsi
1205 1433 1422 1497 superius

811 1527 897 1574 per
921 1527 1028 1558 eum
1054 1510 1365 1558 introducitur

810 1586 1044 1651 pontificis
1069 1586 1115 1634 in
1141 1586 1404 1635 domibus2.

569 1771 601 1806 1.
631 1769 763 1817 Gomp.
785 1771 1051 1812 Introduction,
1076 1780 1184 1806 num.
1207 1768 1252 1806 32
1272 1772 1366 1805 extr.

568 1829 602 1866 2.
632 1828 674 1865 Si
694 1827 769 1865 l'on
790 1828 871 1864 s'en
890 1827 988 1864 tient
1006 1828 1028 1864 ὲ
1048 1827 1085 1865 la
1103 1827 1200 1864 suite
1219 1827 1270 1863 du
1289 1826 1383 1863 recit
1401 1826 1447 1863 de
1466 1830 1574 1863 notre
1591 1835 1793 1873 anonyme,
1811 1824 1922 1863 Odon

521 1887 561 1924 fit
576 1898 644 1924 son
660 1886 788 1923 entree
801 1886 823 1923 ὲ
836 1886 1009 1923 Cambrai
1025 1886 1075 1923 du
1090 1887 1220 1924 vivant
1239 1886 1285 1923 de
1304 1885 1526 1933 l’empereur
1538 1885 1661 1922 Henri
1673 1884 1744 1922 IV.
1764 1884 1922 1932 D'apres

520 1946 690 1997 Herman
708 1945 755 1982 de
775 1945 954 1992 Tournai‚
978 1945 1005 1982 il
1025 1946 1089 1993 n'y
1110 1945 1192 1983 vint
1210 1945 1383 1993 qu’apres
1403 1945 1441 1982 la
1459 1949 1560 1982 mort
1578 1944 1625 1982 de
1644 1947 1705 1982 cet
1722 1954 1922 1992 empereur

520 2010 558 2043 et
585 2016 650 2042 sur
677 2004 811 2041 l'ordre
841 2004 888 2041 de
916 2005 1038 2041 Henri
1066 2005 1116 2041 V.
1150 2006 1293 2041 Mortuo
1326 2015 1408 2049 erqo
1439 2008 1546 2050 patre
1580 2005 1733 2040 Henrioi
1764 2004 1921 2040 Henrieo

518 2066 669 2107 seniore,
693 2062 805 2110 dit-il,
825 2074 900 2099 non
918 2065 1065 2109 quidem
1083 2066 1212 2107 armis,
1230 2065 1290 2099 sed
1303 2065 1459 2100 tristitia
1480 2063 1609 2106 cordis,
1626 2064 1729 2108 fitius
1747 2064 1825 2108 effus
1838 2064 1922 2108 jam

519 2127 637 2170 optato
673 2133 783 2168 reqno
815 2124 973 2168 potitus,
1014 2124 1206 2159 mandavit
1243 2122 1563 2158 Cameracensibus
1601 2125 1644 2157 ut
1675 2121 1921 2158 Gualcherum
1955 2162 1957 2165 ξ

519 2183 873 2219 excommunicatum
900 2182 946 2217 ab
974 2182 1063 2217 urbe
1088 2184 1283 2227 pellerent,
1315 2182 1492 2217 domnum
1522 2181 1679 2217 Odonem
1705 2181 1918 2226 reciperent.

523 2238 690 2283 Tuncque
704 2241 874 2284 primum
893 2240 1048 2275 domnus
1070 2239 1141 2276 Odo
1161 2241 1288 2275 urbem
1307 2240 1400 2275 sedis
1419 2250 1505 2275 suae
1520 2240 1670 2285 pacifice
1688 2239 1916 2284 ingrediens,

515 2299 698 2343 praecepit
722 2299 823 2334 nobis
851 2301 894 2333 ut
919 2299 1084 2334 abbatem
1112 2300 1325 2344 etiqeremus
1352 2299 1531 2344 (Restaur.
1558 2298 1639 2334 abb.
1670 2297 1709 2335 S.
1738 2296 1915 2341 Martini,

519 2365 558 2391 n.
589 2354 633 2391 84
660 2354 761 2402 init„
790 2367 828 2403 p.
858 2356 954 2402 914).
986 2356 1147 2393 Suivant
1175 2366 1217 2393 ce
1246 2356 1501 2403 temoignage‚
1537 2355 1693 2393 l’entree
1719 2355 1868 2394 d’Odon
1896 2356 1919 2393 ὲ

518 2412 691 2450 Cambrai
711 2414 833 2452 aut-ait
851 2425 899 2452 eu
918 2414 995 2452 lieu
1015 2426 1062 2452 en
1084 2415 1187 2452 1106.
1215 2435 1263 2441 —
1289 2415 1469 2452 Lambert
1492 2414 1538 2451 de
1558 2414 1753 2452 Watrelos
1771 2425 1822 2452 ne
1839 2419 1919 2452 met

518 2475 616 2509 cette
635 2472 766 2510 entree
785 2473 899 2521 qu’en
919 2473 1022 2520 1107,
1045 2474 1154 2521 apres
1174 2473 1418 2521 l'expedition
1436 2473 1482 2511 de
1501 2473 1725 2521 l'empereur
1742 2472 1863 2510 Henri
1883 2473 1918 2509 V

518 2536 647 2568 contre
679 2532 715 2569 le
747 2536 871 2569 comte
902 2532 950 2569 de
980 2531 1143 2569 Flandre
1173 2536 1212 2570 et
1242 2543 1284 2568 sa
1314 2532 1600 2570 reconciliation
1631 2543 1723 2570 avec
1752 2531 1919 2570 celui-ci

517 2594 568 2637 (p.
592 2590 687 2635 511).
710 2590 815 2627 Cette
835 2590 987 2627 version
1004 2595 1062 2627 est
1080 2601 1128 2626 en
1149 2590 1426 2627 contradiction
1440 2595 1523 2639 trop
1536 2591 1718 2638 flagrante
1730 2601 1821 2628 avec
1834 2594 1919 2627 tout

517 2658 560 2684 ce
578 2659 651 2696 que
670 2653 778 2687 notre
798 2660 987 2697 anonyme
1007 2653 1159 2686 raconte
1178 2649 1264 2696 plus
1282 2649 1349 2686 bas
1370 2654 1451 2692 (Str.
1473 2650 1641 2691 530-558)
1661 2649 1843 2686 touchant
1862 2649 1917 2686 les

518 2706 604 2743 faits
623 2712 662 2743 et
679 2712 804 2755 gestes
818 2707 864 2745 de
876 2707 997 2744 Henri
1009 2708 1046 2743 V
1060 2708 1082 2744 ὲ
1095 2707 1282 2752 Cambrai,
1299 2707 1391 2744 dont
1409 2708 1438 2743 il
1456 2708 1513 2745 fut
1532 2719 1619 2745 sans
1640 2707 1754 2745 doute
1771 2707 1917 2746 temoin

516 2765 694 2814 oculaire,
714 2777 810 2814 pour
827 2765 940 2815 qu'on
959 2766 1087 2814 puisse
1108 2766 1164 2814 s'y
1183 2768 1325 2804 arreter
1343 2778 1396 2803 un
1417 2767 1574 2804 instant.
1589 2787 1636 2794 —-
1648 2766 1682 2803 11
1699 2770 1798 2804 reste
1819 2766 1917 2804 donc

518 2825 539 2861 εὶ
557 2825 698 2862 choisir
716 2830 823 2863 entre
843 2826 1028 2864 l’autorite
1047 2826 1093 2863 de
1113 2830 1221 2863 notre
1240 2837 1430 2875 anonyme
1450 2831 1488 2863 et
1507 2827 1599 2865 celle
1619 2826 1666 2864 de
1678 2826 1848 2864 Herman
1867 2826 1914 2863 de
