2092 3490
759 352 1023 387 BURCHARDI.
1044 356 1069 389 1.
1566 362 1622 395 133

240 446 302 492 75
567 445 632 491 De
658 442 748 490 isto
773 442 921 491 cnim¹
951 443 1093 492 feodo

500 526 614 570 tunc
638 521 759 569 facta
785 527 857 570 est
882 521 1124 571 concessio

498 616 526 648 a
550 598 699 648 milite
724 604 772 648 et
797 598 992 648 domino

499 693 661 726 coram
685 677 812 726 clero
838 684 885 727 et
908 678 1106 743 populo.

242 756 303 802 76
567 754 696 803 Fecit
720 755 855 804 miles
881 761 1228 806 sacramentum

338 827 351 840 ‘
500 837 547 881 et
571 832 733 897 presul
758 833 1061 899 privilegium

499 915 553 959 ut
578 926 703 959 nunc
727 918 775 959 et
799 911 846 959 in
872 918 1156 976 perpetuum

499 988 590 1036 hoc
615 987 807 1037 feodum
834 989 895 1037 sit
919 995 1179 1039 mortuum.

240 1066 301 1113 77
567 1067 684 1113 Ecce
709 1070 848 1129 porta
874 1071 947 1114 est
973 1067 1194 1116 omnibus

498 1147 662 1206 aperta
687 1142 1029 1208 gradientibus,

498 1218 618 1268 liber
643 1224 784 1285 atque
811 1219 1067 1271 latissimus

498 1297 644 1346 intrat
669 1302 717 1346 et
741 1297 838 1347 exit
863 1299 1083 1349 rusticus.

238 1377 300 1423 78
565 1375 788 1424 Exultant
814 1392 931 1442 ergo
955 1378 1117 1427 rustici

499 1452 558 1501 de
583 1453 719 1502 ruina
743 1453 930 1519 pedagii

499 1530 582 1596 qui
608 1536 716 1580 ante
741 1531 975 1581 tributarii

499 1609 644 1659 modo
669 1610 790 1659 fiunt
815 1610 1042 1659 liberrimi
1074 1630 1082 1660 :

238 1690 300 1736 79
565 1693 614 1736 et
638 1688 994 1739 Werimboldus
1020 1690 1260 1755 pontifex2

500 1765 768 1832 congaudet
790 1772 991 1832 propter
1013 1785 1250 1833 pauperes

501 1860 623 1908 quos
649 1844 822 1893 fecerat
849 1845 1155 1910 perhenniter

500 1920 764 1970 tutissimos
792 1927 840 1970 et
863 1922 1052 1973 hilares.

239 2001 300 2048 80
566 1999 653 2059 Qui
678 2005 731 2048 ut
755 2000 899 2049 homo
925 2002 999 2050 vel
1025 2002 1175 2051 bestia

500 2093 589 2142 per
613 2077 779 2126 callem
804 2095 983 2144 equum
1006 2083 1216 2128 transeat

499 2154 559 2204 ad
585 2160 764 2204 terram
790 2156 881 2205 iter
905 2157 1102 2217 relevat,

502 2233 562 2283 ad
588 2250 762 2298 aquam
788 2240 958 2299 pontes
982 2241 1197 2284 renovat.

240 2313 291 2359 84
565 2314 811 2376 Equantur
834 2329 923 2377 per
946 2313 1145 2380 vestigia

499 2394 547 2438 et
571 2389 754 2455 lapides
780 2395 828 2439 et
853 2390 1028 2441 rudera

501 2483 559 2514 ne
585 2466 853 2517 offendatur
877 2467 1029 2517 bestia

501 2560 622 2608 quae
643 2546 736 2594 fert
760 2552 840 2595 aut
863 2547 1009 2596 trahit
1033 2564 1195 2597 onera.

256 2717 288 2752 1.
317 2718 431 2753 enim.
454 2716 562 2753 Dans
581 2717 617 2755 le
637 2729 711 2756 ms.
734 2720 943 2757 au-dessus
962 2720 1010 2759 de
1029 2720 1066 2758 la
1085 2720 1200 2770 ligne.

254 2776 289 2813 2.
317 2776 369 2814 Ge
388 2780 510 2814 terme
529 2776 576 2814 de
591 2780 760 2824 pontifeoe
778 2783 838 2817 est
856 2779 1033 2828 employe
1053 2780 1102 2818 ici
1124 2780 1220 2816 dans
1240 2790 1310 2817 son
1330 2790 1418 2817 sens
1439 2780 1628 2828 etymolo-

206 2835 322 2884 gique
339 2835 455 2879 (celui
476 2836 543 2885 qui
563 2847 603 2874 se
624 2837 763 2886 charge
782 2839 828 2876 de
848 2838 1066 2877 l’entretien
1087 2840 1154 2877 des
1175 2844 1287 2888 ponts
1304 2852 1311 2875 :
1329 2859 1377 2867 —
1395 2850 1519 2888 comp.
1544 2839 1627 2888 plus

209 2894 277 2932 has
297 2898 364 2933 str.
386 2895 526 2942 82-86)‚
548 2907 640 2933 avec
659 2907 736 2934 une
756 2897 948 2935 intention
969 2898 1146 2936 evidente
1165 2898 1212 2935 de
1228 2898 1292 2946 jeu
1313 2898 1360 2936 de
1380 2902 1493 2936 mots.
