2092 3490
464 352 524 387 244
959 354 1017 386 DE
1037 354 1169 387 OBITU
1188 354 1370 396 NICOLAI,

847 546 929 589 De
960 546 1204 590 Roherto
1234 546 1476 592 Arienni.

816 721 931 768 Hinc
955 720 1216 770 Robertum
1239 722 1300 770 de
1324 722 1434 770 Aria

749 797 1046 847 Flandrensis
1071 797 1201 847 dedit
1225 798 1354 847 curia

813 880 864 923 ut
888 880 1074 941 regeret
1098 875 1363 933 ecclesiam,

488 950 550 998 45
747 950 944 999 multam
968 951 1147 1001 habens
1172 952 1469 1001 industriam.

812 1028 903 1077 Sed
928 1028 1088 1077 Jacobi
1114 1028 1335 1078 satellites

746 1104 794 1152 in
819 1110 974 1154 morte
999 1122 1083 1154 sua
1107 1106 1361 1171 complices

812 1182 973 1241 sensit,
1002 1189 1050 1231 et
1074 1183 1212 1232 datus
1236 1183 1388 1232 funeri

745 1260 901 1309 locum
926 1260 1104 1309 dimisit
1128 1261 1306 1309 alteri1.

634 1440 716 1483 De
748 1439 954 1484 Alardo
987 1440 1370 1484 cameracensi
1403 1420 1676 1494 episcopo.

487 1609 547 1653 50
809 1608 919 1654 Post
942 1606 1065 1655 hunc
1089 1606 1440 1656 archidiaconus

744 1683 944 1732 Alardus
968 1684 1174 1732 nummis
1198 1684 1413 1748 preditus

449 1848 618 1896 l’eveque
638 1847 699 1884 elu
719 1848 861 1885 Pierre.
883 1848 1260 1885 Malheureusement
1277 1849 1314 1885 13
1332 1848 1543 1897 chronique
1556 1848 1603 1887 de
1617 1853 1676 1887 cet
1688 1849 1856 1888 ecrivain

449 1906 601 1943 s'arrete
621 1906 643 1942 a
663 1906 810 1943 l'annee
832 1907 923 1943 1170
943 1911 980 1943 et
1000 1917 1096 1944 nous
1115 1907 1273 1944 n'avons
1302 1906 1387 1954 plus
1412 1918 1509 1955 pour
1535 1907 1571 1944 la
1596 1908 1696 1946 suite
1721 1919 1795 1957 que
1818 1908 1856 1946 le

447 1965 590 2013 maigre
608 1965 701 2002 recit
720 1965 770 2002 du
791 1965 978 2003 chanoine
996 1966 1042 2003 de
1056 1965 1245 2012 Cambrai,
1267 1966 1334 2014 qui
1353 1977 1402 2003 va
1416 1966 1564 2016 jusqu'a
1581 1966 1730 2005 l'annee
1746 1967 1849 2005 1191.

447 2024 578 2062 Pierre
598 2036 646 2062 ne
666 2029 772 2070 recut
787 2026 924 2073 jamais
944 2025 999 2062 les
1020 2025 1159 2062 ordres.
1191 2025 1224 2062 Il
1252 2036 1418 2071 renonca
1437 2026 1460 2062 a
1481 2025 1516 2062 la
1534 2025 1680 2073 dignite
1706 2025 1853 2074 episco-

446 2083 530 2131 pale
544 2084 695 2120 en1174
711 2083 911 2131 (Sigehert.
938 2085 1074 2121 Ghron.
1092 2085 1238 2121 Gontin.
1259 2084 1484 2130 Aquicinct.,
1508 2095 1545 2132 p.
1563 2084 1659 2132 414),
1680 2088 1764 2132 sept
1783 2095 1854 2122 ans

446 2142 605 2180 environ
620 2143 728 2190 apres
742 2154 812 2179 son
826 2143 1002 2190 electiori,
1023 2148 1061 2180 et
1075 2143 1228 2190 epousa,
1250 2153 1299 2180 en
1313 2143 1419 2191 1175,
1441 2142 1643 2190 Mathilde,
1665 2147 1853 2180 comtesse

446 2202 492 2238 de
513 2202 657 2238 Nevers
679 2203 780 2248 (ibid.
796 2223 844 2228 —
863 2202 1008 2239 Robert
1027 2202 1073 2239 de
1093 2202 1223 2239 Monte
1237 2201 1284 2239 ad
1304 2213 1365 2239 an.
1390 2202 1492 2248 1177,
1515 2203 1613 2238 Mon.
1634 2203 1767 2244 Germ„
1783 2202 1847 2240 SS.

444 2267 472 2298 t.
489 2259 558 2308 VI,
580 2271 617 2307 p.
640 2260 718 2307 525)
730 2273 739 2304 ;
762 2260 861 2297 mais
881 2260 908 2296 il
929 2265 1095 2308 mourut,
1117 2271 1266 2298 comme
1285 2260 1320 2298 le
1339 2271 1497 2308 marque
1516 2264 1624 2298 notre
1643 2270 1850 2308 anonyme,

445 2319 539 2355 dans
564 2319 712 2356 l’annee
737 2322 863 2355 meme
890 2319 954 2367 qui
985 2319 1099 2355 suivit
1132 2330 1201 2356 son
1226 2319 1412 2366 mariage,
1443 2330 1492 2355 en
1524 2319 1614 2356 1176
1646 2318 1849 2367 (Sigebert.

448 2378 583 2414 chron.
608 2377 755 2414 Contin.
776 2378 999 2422 Aquicz'nct.,
1023 2377 1093 2414 loc.
1117 2378 1181 2414 cit.
1203 2382 1242 2415 et
1261 2377 1308 2414 ad
1329 2389 1391 2414 an.
1415 2377 1533 2424 1176).

494 2437 527 2473 1.
555 2434 631 2472 Sur
650 2435 794 2472 Robert
813 2435 957 2483 d'Aire,
978 2435 1038 2472 elu
1059 2447 1107 2473 en
1128 2436 1217 2473 1174
1239 2441 1278 2473 et
1297 2436 1360 2472 tue
1380 2436 1416 2472 13
1436 2438 1561 2473 meme
1580 2436 1702 2474 annee
1716 2435 1851 2484 parles

444 2507 537 2543 gens
566 2495 612 2532 de
638 2495 656 2531 J
662 2506 799 2544 aeques
830 2495 1064 2544 d'Avesnes,
1094 2507 1145 2533 on
1176 2500 1268 2543 peut
1300 2497 1493 2533 consulter
1523 2495 1558 2533 le
1589 2496 1775 2534 chanoine
1803 2495 1850 2534 de

444 2555 618 2592 Cambrai
653 2555 808 2602 (Canon.
849 2555 1055 2603 Gamerae,
1091 2567 1123 2593 c.
1156 2556 1214 2601 21,
1253 2567 1289 2603 p.
1334 2556 1429 2604 509),
1470 2556 1618 2593 Gilbert
1653 2556 1700 2593 de
1738 2556 1850 2593 Mons

445 2615 493 2662 (p.
510 2614 606 2662 524),
628 2613 664 2651 13
677 2614 895 2663 Chronique
909 2615 1103 2652 d'Anchin
1121 2614 1318 2662 (Sigebert.
1342 2617 1428 2652 Chr.
1454 2616 1601 2653 Contin.
1621 2615 1845 2661 Aquicinct„

444 2684 480 2720 p.
501 2673 673 2719 414-415)
696 2677 734 2710 et
753 2673 790 2710 la
804 2672 1019 2721 Chronique
1039 2674 1085 2711 de
1099 2673 1206 2710 Laon
1220 2674 1311 2721 (Rea.
1333 2675 1393 2710 des
1411 2677 1507 2711 Hist.
1529 2676 1571 2711 de
1589 2676 1665 2718 Fr„
1688 2679 1716 2711 t.
1738 2673 1846 2722 XIII,

443 2743 479 2779 p.
501 2732 596 2778 681).
614 2753 661 2759 -
673 2732 713 2769 S.
735 2732 911 2770 Antonin
931 2732 977 2770 de
991 2733 1173 2770 Florence
1193 2739 1231 2769 et
1245 2733 1413 2771 Vincent
1431 2733 1478 2771 de
1492 2734 1681 2770 Beauvais
1700 2744 1741 2770 se
1761 2737 1848 2770 sont

443 2791 529 2828 faits
549 2792 603 2829 les
623 2792 737 2830 echos
756 2791 802 2829 de
821 2792 1066 2830 l'accusation
1086 2792 1132 2830 de
1152 2803 1364 2831 commerce
1384 2804 1476 2831 avec
1496 2793 1532 2830 le
1552 2792 1691 2830 demon
1709 2792 1846 2840 repan-

443 2850 515 2887 due
536 2855 666 2888 contre
686 2855 745 2888 cet
764 2850 913 2889 illustre
933 2863 1117 2900 parvenu.
