2092 3490
0 422 12 442 κ
0 266 19 409 *vars-:703-
0 245 11 255 ‘-
0 232 6 239 ¹‘
7 222 10 223 =
0 197 19 202 ·-.

835 322 1061 356 GALGHERL
1618 320 1658 353 57

535 413 759 478 illumque
784 412 896 462 inde
921 411 1139 461 obsecrat

536 497 584 541 et
607 490 763 558 arguit
787 495 836 539 et
859 490 1073 556 increpat

532 568 767 636 justiciam
792 574 845 618 ut
869 568 1023 618 faciat.

244 646 340 697 332
600 651 704 698 Jam
731 646 821 695 sibi
847 652 1076 712 quantum
1102 645 1278 711 placuit

538 725 817 777 Galcherum
842 741 929 774 rex
952 724 1152 774 detinuit
1182 742 1191 772 :

537 803 622 853 sed
646 803 770 852 inter
793 803 881 852 hec
905 802 1034 868 quod
1061 801 1230 850 accidit

539 880 652 930 nulli
677 880 839 928 mirari
866 879 1053 928 sufficit.

245 960 338 1008 333
602 960 720 1006 Nam
745 957 902 1006 clerici
928 962 976 1006 et
999 956 1099 1005 laici

538 1053 632 1085 non
659 1040 903 1084 servantes
924 1035 1032 1100 jura
1057 1034 1186 1100 regis

537 1131 690 1179 neque
716 1117 892 1162 statum
917 1112 1105 1178 imperii

536 1207 690 1256 neque
712 1191 856 1241 decus
883 1189 1112 1255 episcopi,
1170 1209 1175 1215 ·

242 1268 338 1318 334
600 1268 648 1317 in
675 1269 796 1317 hanc
820 1268 947 1334 regis
972 1267 1211 1316 civitatem

533 1347 902 1396 introduxerunt
925 1350 1204 1403 Manassem,

535 1442 679 1490 quem
703 1425 843 1491 longe
869 1430 976 1473 ante
1002 1425 1213 1473 fecerant

535 1518 682 1567 super
705 1501 986 1552 Galcherum
1010 1500 1269 1566 presulem.

242 1583 336 1630 335
599 1583 844 1646 Ingressus
869 1580 933 1628 ita
958 1578 1265 1644 postmodum

534 1675 622 1724 per
647 1658 826 1707 clerum
852 1664 900 1706 et
924 1674 1012 1723 per
1037 1657 1268 1723 populum

535 1741 582 1785 et
607 1752 772 1785 eorum
800 1735 1046 1783 consilium

533 1814 609 1862 hic
634 1813 892 1862 celebravit
917 1812 1191 1878 synodum¹.
1256 1873 1272 1882 δ

241 1893 336 1940 336
600 1894 688 1940 Per
712 1891 840 1940 idem
865 1896 1056 1955 tempus
1083 1893 1320 1939 Manasses

533 1969 608 2017 ille
633 1974 687 2018 ut
711 1985 864 2017 novus
890 1968 1105 2034 pontifex

533 2063 685 2095 novos
711 2047 786 2096 hic
812 2063 956 2112 agens
983 2045 1176 2094 ordines

532 2130 663 2174 actus
688 2124 918 2173 confinxit
943 2123 1171 2173 celebres.

241 2205 332 2252 337
597 2203 682 2263 Qui
710 2203 786 2252 hic
811 2203 900 2251 sub
926 2202 1080 2251 tribus
1106 2201 1348 2250 mensibus

530 2281 704 2333 mansit
729 2286 810 2330 aut
833 2281 976 2346 paulo
1001 2279 1220 2345 amplius,

530 2358 660 2423 quod
686 2358 785 2408 suis
810 2359 892 2408 dat
915 2358 1134 2407 fidelibus

530 2436 698 2485 tollens
725 2436 1150 2487 Galcheriensibus.

286 2609 317 2645 1.
340 2606 392 2644 Ge
412 2607 557 2656 synode
577 2613 643 2644 eut
663 2608 742 2645 lieu
763 2619 811 2645 en
835 2608 941 2657 1098,
963 2608 1066 2645 ainsi
1086 2619 1161 2656 que
1181 2607 1390 2644 l'attestent
1409 2605 1463 2642 les
1482 2605 1589 2642 dates
1609 2604 1657 2642 de

236 2666 330 2705 trois
349 2666 540 2715 diplomes
558 2666 708 2715 (Gomp.
731 2667 819 2716 plus
839 2668 947 2716 haut,
970 2672 1060 2705 note
1079 2667 1102 2704 ἐι
1122 2667 1159 2704 la
1179 2671 1245 2703 str.
1260 2665 1342 2712 289,
1361 2673 1418 2701 n⁰⁵
1433 2665 1468 2711 3,
1489 2665 1523 2712 4,
1541 2664 1588 2711 5).
1608 2685 1656 2691 —

236 2726 291 2763 Le
309 2725 480 2774 diplome
499 2726 547 2763 de
568 2725 660 2763 1100
680 2726 798 2774 (ibid.‚
823 2734 863 2764 n⁰
883 2727 920 2770 9)
941 2738 990 2763 ne
1010 2726 1156 2763 semble
1175 2725 1308 2762 devoir
1320 2727 1398 2762 etro
1411 2723 1568 2772 regarde
1581 2735 1654 2771 que¹

237 2797 389 2824 comme
408 2797 485 2823 une
505 2786 779 2835 transcription
804 2787 855 2823 du
882 2786 1087 2834 precedent
1115 2791 1174 2830 (n0
1202 2786 1233 2833 8)
1262 2798 1269 2822 :
1302 2785 1459 2822 l'erreur
1486 2783 1601 2832 qu'on
1629 2796 1655 2832 y

237 2851 371 2883 trouve
390 2845 486 2883 dans
506 2846 541 2883 le
561 2846 695 2884 chiffre
714 2847 761 2883 de
782 2846 1000 2884 l'indiction
1020 2846 1204 2884 confirme
1225 2850 1322 2882 cette
1342 2845 1565 2893 hypothese.
