2092 3490
227 706 288 753 33

228 1015 289 1064 34

227 1331 286 1376 35

227 1642 288 1690 36

227 1954 287 2001 37

228 2265 288 2310 38

228 2575 289 2621 39

231 2880 293 2930 40

737 383 998 418 BURGHARDI.
1019 384 1062 417 11.

472 549 688 604 Quanta.
720 549 962 593 adversa
991 557 1196 621 passus
1230 547 1320 591 sit.

454 701 719 752 Sacrandus
743 702 888 768 igitur
910 702 1085 751 electus
1110 701 1295 751 Domini

386 787 616 846 quantum
640 781 850 831 anterius
875 781 1017 830 habet
1041 781 1282 837 contrarii,

387 865 615 924 quantum
641 858 925 917 discordiae,
954 863 1185 923 quantum
1209 857 1422 923 periculi,

388 937 469 1002 qui
493 937 582 986 hec
605 937 827 986 videbitis
852 936 1217 985 admirabimini.

453 1017 664 1080 Namque
689 1020 800 1063 tunc
826 1014 1057 1079 temporis
1084 1020 1186 1062 erat
1213 1013 1461 1063 discidium

388 1093 511 1141 inter
535 1092 787 1157 imperium
814 1097 862 1140 et
887 1091 1224 1151 sacerdotium,

388 1176 529 1234 atque
553 1176 811 1235 propterea
837 1187 931 1218 non
958 1186 1047 1235 per
1072 1169 1313 1218 biennium

387 1250 645 1314 impetrare
670 1249 757 1298 sibi
785 1249 942 1314 potuit
965 1249 1141 1298 oleum.

452 1328 671 1376 Attamen
696 1327 872 1376 electus
897 1344 986 1392 per
1009 1326 1092 1375 Dei
1117 1326 1318 1392 gratiam

386 1409 568 1469 spectat
591 1404 832 1453 humiliter
855 1404 1248 1463 misericordiam,

387 1482 742 1549 archiepiscopo
766 1483 988 1532 Remensi
1013 1483 1223 1532 debitam

387 1567 579 1627 praesto
600 1561 883 1627 promittere
909 1561 1229 1611 obedientiam

453 1656 588 1688 more
613 1639 892 1705 pontificum
918 1656 969 1688 se
994 1640 1370 1705 precedentium,

388 1717 470 1783 qui
496 1734 687 1783 semper
711 1717 905 1766 domino
932 1717 1055 1783 patri
1080 1717 1383 1767 Remensium

388 1795 585 1862 subjecti
601 1795 778 1862 jugiter
803 1796 1016 1845 fecerunt
1038 1795 1252 1845 debitum

387 1872 739 1922 christianitatis
762 1889 873 1922 suae
897 1872 1198 1937 obsequium.

453 1951 513 2000 At
537 1950 632 2009 ille,
661 1956 714 1999 ut
740 1950 855 2009 dixi,
885 1956 1085 2016 propter
1110 1950 1397 1999 discordiam

386 2045 478 2094 que
502 2028 628 2077 inter
652 2045 854 2095 regnum
879 2035 951 2078 est
976 2035 1119 2094 atque
1146 2029 1407 2087 ecclesiam,

387 2106 538 2155 electo
563 2105 767 2172 denegat
791 2107 1196 2156 consecrationem

389 2201 619 2249 suamque
645 2185 787 2234 deicit
812 2186 1103 2234 filiationem.

454 2265 520 2311 De
547 2262 644 2311 suis
668 2262 812 2328 igitur
837 2264 1023 2330 magnis
1050 2264 1299 2313 contrariis

388 2345 436 2390 et
460 2340 519 2389 de
545 2340 788 2390 laboribus
814 2348 861 2390 et
888 2342 947 2390 de
973 2342 1196 2407 periculis

389 2435 483 2483 que
508 2435 666 2468 sermo
692 2420 868 2468 referet
892 2420 1032 2487 hujus
1059 2420 1343 2476 dictaminis,

389 2496 479 2544 hoc
502 2497 711 2561 primum
735 2497 888 2563 majus
914 2504 987 2546 est
1011 2498 1231 2547 omnibus
1256 2497 1375 2546 aliis.

454 2574 691 2624 Maluisset
715 2593 920 2641 namque
944 2577 1058 2643 poni
1084 2577 1129 2625 in
1157 2593 1347 2625 carcere

391 2651 713 2718 damnumque
737 2655 1000 2704 maximum
1026 2655 1122 2720 pati
1150 2653 1378 2719 pecuniae
1414 2642 1417 2645 .

391 2745 535 2793 quam
558 2730 647 2779 sibi
672 2731 732 2780 ab
757 2732 861 2798 ipso
887 2732 1242 2797 archipontifice

391 2806 451 2855 de
479 2823 563 2856 sua
589 2811 801 2858 contrahi
826 2810 1170 2860 benedictione.

461 2886 624 2935 Oleum
650 2888 825 2936 etenim
851 2889 998 2938 electo
1025 2889 1226 2963 denegat

1551 382 1606 417 147
