2092 3490
478 358 532 393 164

471 679 563 728 ⁴40

470 1064 561 1112 445

467 1683 559 1729 ⁴50

465 2068 559 2114 ⁴55

465 2452 557 2498 460

1105 361 1244 394 GES'l-'A

665 456 822 498 cetera
842 450 982 498 etiam
1006 448 1078 496 his
1101 449 1430 514 appendentia.

729 529 870 575 Tenet
891 531 941 575 ut
967 542 1130 573 servos
1154 531 1340 591 gentem
1364 525 1598 591 pontificis
1628 543 1638 572 t

662 609 790 651 taxat
815 619 896 651 eos
918 601 1051 650 annis
1074 602 1219 650 tercio
1245 602 1455 668 singulis.

728 680 912 728 Habens
936 679 1011 727 vel
1037 695 1130 726 non
1156 678 1332 727 habens
1355 695 1517 728 rerum
1541 678 1846 728 substantiam

662 756 821 820 nequit
845 762 952 805 ante
976 756 1133 820 ipsum
1155 755 1328 804 habere
1352 756 1580 820 requiem.

726 837 824 881 Hoc
846 833 1088 892 damnum,
1111 833 1200 882 hoc
1219 833 1397 881 crimen
1418 834 1630 898 hancque
1647 832 1871 882 malitiam

661 916 828 960 cuncta
850 910 1075 960 accidisse
1100 910 1262 959 dicunt
1285 927 1373 975 per
1396 911 1652 975 presulem,

726 1004 783 1036 eo
805 987 934 1052 quod
958 988 1131 1036 trevias
1157 988 1270 1036 dare
1292 987 1506 1036 noluerat

661 1069 708 1113 et
731 1064 860 1129 quod
884 1064 1166 1130 colloquium
1190 1081 1284 1113 non
1311 1070 1656 1130 expectaverat.

815 1233 896 1277 De
929 1233 1162 1288 Symone
1193 1234 1512 1278 castellano.

725 1372 920 1437 Symon‚
949 1371 1182 1420 castellani
1206 1371 1415 1438 Hugonis
1438 1371 1608 1427 filius¹‚

659 1448 825 1498 videns
849 1448 1072 1497 malitiam
1096 1466 1240 1514 quam
1262 1449 1370 1497 facit
1395 1449 1631 1499 Gerar-dus

723 1532 771 1575 et
794 1526 916 1575 nolle
941 1527 1210 1591 quempiam
1231 1544 1320 1592 pro
1345 1544 1431 1576 suo
1455 1526 1642 1592 presule

657 1602 722 1651 illi
747 1603 971 1668 pestifero
995 1603 1137 1651 armis
1161 1604 1398 1662 resistere,

723 1697 811 1746 per
834 1680 1156 1729 fortitudinem
1181 1680 1584 1731 Cameracensium

657 1762 704 1806 et
724 1774 812 1821 per
835 1757 1025 1805 militiae
1049 1757 1220 1806 fortem
1243 1757 1503 1806 exercitum

721 1835 893 1884 ardens
919 1840 967 1884 et
989 1835 1179 1900 rapiens
1204 1835 1436 1884 consumit
1461 1834 1635 1892 omnia,

656 1928 841 1976 queque
868 1912 1061 1961 Gerardi
1087 1918 1196 1961 sunt
1220 1918 1266 1961 et
1289 1913 1436 1961 multa
1459 1912 1564 1972 alia,

721 1989 1004 2054 ubicumque
1025 1989 1202 2038 victum
1227 1991 1299 2039 sui
1323 1989 1544 2039 satellites

658 2071 706 2114 et
730 2067 990 2115 necessaria
1014 2067 1270 2131 carpebant
1296 2067 1493 2132 pedites.

722 2146 788 2192 De
812 2144 986 2192 nostris
1011 2149 1059 2192 et
1084 2144 1180 2193 suis
1204 2145 1341 2193 bonis
1363 2144 1631 2193 hominibus

655 2219 927 2284 frequenter
948 2221 1147 2269 invicem
1171 2221 1556 2270 convenientibus

721 2297 844 2361 capti
869 2302 977 2346 sunt
999 2297 1187 2361 plurimi
1212 2298 1438 2362 multique
1462 2296 1653 2356 mortui,

654 2373 730 2422 alii
754 2373 939 2433 divites,
968 2374 1169 2422 mendici
1192 2375 1342 2423 alteri.

721 2450 956 2499 Gerardus
980 2451 1136 2515 itaque
1159 2452 1304 2500 Malus
1326 2451 1519 2499 filiaster

654 2527 719 2576 ita
743 2527 995 2576 novissime
1018 2545 1200 2592 pauper
1225 2528 1417 2576 effectus
1439 2533 1512 2575 est

720 2603 848 2668 quod
873 2602 999 2668 apud
1021 2610 1230 2653 erectum
1252 2610 1415 2653 contra
1440 2621 1490 2652 se
1516 2605 1768 2669 Symonem

508 2791 540 2828 1.
570 2791 705 2830 Simon
730 2792 875 2842 d'Oisy,
907 2793 967 2831 fils
995 2793 1043 2831 de
1061 2794 1220 2842 Hugues
1239 2794 1280 2830 II
1299 2793 1447 2841 d'Oisy,
1473 2797 1511 2830 et
1535 2803 1603 2840 par
1627 2790 1862 2839 consequent

460 2849 565 2887 beau·
573 2850 669 2889 frere
686 2851 732 2889 de
747 2852 890 2891 Gerard
905 2852 1118 2891 Maufilatre
1133 2856 1270 2901 (comp.
1292 2853 1378 2902 plus
1398 2853 1503 2899 haut,
1524 2855 1614 2888 note
1633 2862 1681 2888 au
1700 2861 1737 2888 v.
1760 2849 1856 2896 100).
