2092 3490
810 337 864 371 (ΞΑ
868 337 1035 372 [mmm.

509 426 706 476 obedire
729 431 782 476 ut
805 426 904 486 filii,

510 504 690 553 servire
715 510 768 554 ut
792 505 1058 556 domestici.

220 581 271 629 3⁴
285 583 313 629 8
576 582 666 631 Sed
693 583 857 631 sathan
883 584 965 649 qui
989 583 1297 635 domesticam

509 675 702 726 semper
726 660 828 709 odit
853 662 1156 712 concordiam

509 737 623 786 item
647 739 799 788 movit
822 740 1049 789 malitiam

510 815 636 865 inter
659 833 743 866 eos
768 822 816 866 et
840 819 1098 882 presulem.

394 991 641 1046 Qualiter
670 993 1099 1038 cameracenses
1128 993 1456 1040 Galcherum

725 1064 1122 1109 refutaverunt.

217 1216 310 1263 3⁴9
573 1219 736 1266 Annus
762 1218 889 1267 enim
913 1220 1151 1284 preteriit¹

507 1311 603 1359 quo
627 1295 748 1344 fides
774 1295 895 1345 facta
919 1297 1054 1346 viluit

508 1378 555 1420 et
581 1380 929 1422 sacr-amentum
954 1375 1134 1424 cor-ruit

508 1451 637 1516 quod
664 1451 802 1501 simul
826 1452 1002 1502 factum
1027 1454 1197 1503 extitit.

217 1526 310 1578 320
575 1531 693 1576 Nam
717 1529 782 1577 illi
807 1530 1122 1580 ministerium

508 1606 783 1656 vilificantes
808 1607 1026 1658 divinum

508 1700 670 1732 secum
696 1690 861 1734 contr-a
886 1687 1164 1752 episcopum

509 1770 932 1812 excommoverunt
957 1764 1205 1830 populum.

217 1840 301 1889 321
576 1844 703 1889 Tunc
728 1839 883 1890 clerus
908 1848 955 1890 et
981 1842 1133 1907 plebis
1159 1843 1298 1892 turba

509 1917 556 1965 in
582 1918 785 1982 presulis
810 1919 1050 1983 presentia
1098 1936 1099 1939 ¹

510 1993 598 2043 sibi
624 1995 712 2043 sub
738 2001 896 2044 mente
922 1996 1119 2045 subdola

510 2072 655 2121 verba
683 2072 906 2122 dixer-unt
931 2074 1040 2122 talia
1072 2092 1081 2122 :

217 2149 310 2199 322
578 2149 800 2199 Galehere
825 2158 980 2199 noster
1005 2152 1200 2210 domine,

510 2234 553 2276 te
579 2228 635 2276 de
661 2228 1000 2278 christianitate

508 2305 627 2353 sieut
652 2305 868 2354 rebellem
894 2307 1124 2356 Romanae

509 2387 554 2430 et
578 2385 793 2432 Remenei
818 2385 1066 2434 aecclesiae

217 2459 311 2509 323
574 2468 814 2525 empeetare
840 2462 1039 2511 alterius

509 2554 599 2586 non
624 2539 835 2588 debemus
860 2557 943 2589 nee
967 2542 1175 2590 volamus

510 2622 554 2663 et
580 2622 622 2664 te
647 2617 755 2665 inde
781 2618 1061 2687 diffidimus.»

517 2684 638 2742 Vade
664 2710 770 2758 erqo
797 2712 933 2760 quam
958 2699 1095 2745 eitius

266 2860 298 2896 1.
326 2862 509 2905 preteriit.
534 2860 640 2897 Dans
659 2860 694 2897 le
715 2872 785 2898 ms.
807 2865 971 2908 preterit.

1593 345 1632 378 55
