2092 3490
736 330 995 364 BURGHARDI.
1017 331 1043 362 1.
1547 331 1604 365 123

480 422 627 471 vitam
652 426 812 470 notam
838 420 1091 470 ostendere

480 500 691 550 fidelium
716 498 932 548 noticiae.

546 577 643 628 Sub
669 577 876 642 antiquis
902 576 1199 643 temporibus

479 656 554 705 vir
578 656 666 706 iste
692 656 751 705 de
777 656 1054 722 parentibus

480 739 615 783 ortus
639 734 726 783 fuit
748 733 1099 783 venerabilibus

482 812 720 863 Cameraci
746 811 1065 860 manentibus.

547 890 631 950 Qui
659 895 708 938 et
731 889 780 938 in
805 888 1009 954 pueritia

482 973 530 1016 et
554 968 600 1015 in
625 966 939 1015 adolescentia

482 1045 650 1110 plenus
675 1044 764 1093 fuit
790 1060 877 1108 per
901 1043 1061 1092 omnia

482 1121 756 1172 humilitatis
782 1120 950 1187 gratia.

548 1204 666 1250 Nam
691 1199 805 1248 dum
831 1215 969 1265 puer,
999 1199 1115 1248 dum
1139 1199 1387 1265 parvuluS,

484 1279 601 1328 dum
620 1278 828 1345 juvenis,
857 1284 910 1327 ut
933 1277 1135 1327 famulus

486 1363 534 1407 et
559 1373 668 1406 cum
692 1358 747 1406 fit
771 1356 847 1404 vir
870 1362 923 1405 ut
948 1356 1144 1406 callidus

485 1435 802 1484 famulabatur
826 1434 1066 1484 omnibus.

549 1516 650 1562 Hoc
674 1529 820 1578 opere
845 1513 1114 1578 gratissimo

486 1591 638 1656 placet
664 1591 799 1641 urbis
825 1590 1054 1648 dominio,

488 1669 643 1734 placet
667 1668 795 1718 clero
821 1675 866 1717 et
893 1668 1089 1733 populo,

488 1752 587 1796 tam
610 1746 785 1795 minori
811 1763 955 1811 quam
980 1745 1209 1795 maximo.

553 1824 791 1874 Emortuis
815 1823 1092 1890 parentibus

488 1903 715 1952 remansit
738 1903 815 1952 hie
836 1903 1133 1969 juvenculus,

490 1980 615 2029 inter
640 1981 821 2030 vicinos
845 1980 1042 2038 habitat,

490 2075 541 2107 se
567 2058 789 2107 omnibus
815 2058 1046 2116 humiliat,

489 2140 617 2185 amat
640 2153 808 2185 omnes
833 2142 882 2185 et
905 2136 1160 2202 approbat,

489 2213 669 2263 nullum
695 2213 858 2262 ledens
883 2214 1197 2280 improperat.

557 2291 629 2341 Ad
655 2308 797 2340 omne
822 2308 972 2358 genus
996 2292 1242 2342 hominum

491 2371 694 2420 verbum
719 2371 905 2436 profert
929 2371 1259 2421 dulcissimum

493 2453 541 2497 et
565 2447 700 2512 quasi
725 2465 894 2498 servus
919 2449 1136 2498 omnium

493 2526 674 2575 cunctis
699 2527 841 2576 offert
867 2527 1132 2577 servitium.

558 2606 706 2653 Porro
730 2604 914 2654 cuidam
942 2605 1120 2654 homini

494 2684 634 2730 Petro
659 2681 918 2746 plurimum
941 2683 1074 2732 diviti

495 2758 737 2824 conjunxit
763 2777 814 2809 se
839 2761 1085 2826 multiplici

496 2852 587 2900 pro
613 2836 763 2902 gratia
788 2838 989 2886 servicii.
