2092 3490
253 523 349 577 420

253 836 339 888 421

154 1157 156 1164 ’
253 1148 351 1200 422

255 1460 351 1513 423

256 1773 355 1826 424

257 2083 353 2134 425

259 2396 356 2448 426

261 2709 358 2761 427

869 358 913 390 Nl
918 356 1056 391 GOLAI.

547 446 822 496 indecenter
846 448 1167 513 consepultos

612 528 671 575 Et
693 525 741 574 hi
767 525 849 590 qui
873 525 1066 576 fuerunt
1087 529 1209 593 capti

544 608 645 652 tam
669 603 773 653 dire
798 609 909 654 sunt
933 606 1132 654 coartati

547 681 676 747 quod
701 681 924 731 festinant
947 683 1163 733 semivivi

545 760 669 810 ultra
692 776 835 826 posse
860 777 911 810 se
935 761 1125 811 redimi.

613 840 731 887 Nam
755 839 818 888 ob
843 839 1189 890 intolerabilem

547 920 898 965 tormentorum
923 916 1191 983 angustiam

547 994 834 1058 promissam
858 993 974 1044 dant
998 995 1250 1060 pecuniam

548 1077 596 1120 et
619 1072 747 1137 passi
773 1077 881 1121 sunt
904 1076 1065 1122 tamen
1090 1078 1315 1123 mortem.

614 1153 910 1200 Mortuorum
934 1153 1071 1200 ex'tra
1097 1157 1253 1201 castra

550 1226 846 1292 proiciuntur
871 1244 1076 1294 corpora

549 1321 694 1370 super
716 1310 897 1355 terram
921 1306 1146 1356 derelicta

549 1383 671 1433 sicut
695 1400 867 1434 canum
891 1385 1159 1434 morticina.

616 1462 654 1511 Ο
678 1461 867 1511 datiana
890 1462 1066 1522 rabies,

548 1539 825 1605 viperarum
849 1541 1122 1607 progenies,

550 1634 673 1682 quae
698 1623 915 1667 mortuos
941 1625 989 1667 et
1013 1619 1229 1669 viventes

552 1695 618 1744 ita
640 1701 901 1745 tormentat
925 1698 1159 1747 homines.

617 1774 770 1822 Senex
795 1774 952 1823 nullus
978 1781 1051 1824 est
1075 1775 1217 1826 hodie

551 1851 634 1915 qui
658 1851 835 1900 malum
860 1852 970 1902 huic
995 1854 1147 1902 simile

551 1928 599 1977 in
624 1929 712 1978 hae
734 1946 947 1994 unquam
972 1930 1159 1981 civitate

552 2012 899 2056 commemoret
923 2008 1168 2058 accidisse.

617 2087 716 2134 Hoc
741 2084 950 2135 dedecus
975 2092 1022 2135 et
1045 2087 1136 2136 hoe
1161 2088 1423 2154 dampnum

551 2178 719 2211 omnes
742 2164 975 2213 meruisse
1000 2165 1201 2215 credunt

553 2257 611 2289 eo
636 2240 767 2306 quod
793 2257 888 2290 non
913 2242 1084 2291 timent
1108 2245 1256 2293 Deum

553 2335 641 2368 nec
663 2319 899 2369 honorant
924 2320 1220 2387 episcopum.

620 2400 712 2446 Pro
735 2398 827 2447 hoo
850 2415 967 2465 ergo
991 2400 1219 2450 miraculo

465 2496 469 2500 ²
554 2475 713 2526 future
737 2476 866 2543 genti
891 2478 1088 2527 consulo

553 2558 607 2602 ut
630 2553 863 2603 honorem
888 2554 1056 2606 dantes
1079 2559 1178 2606 Deo

553 2629 778 2680 obediant
804 2631 1031 2698 episcopo

622 2713 670 2757 et
696 2709 1000 2760 castellanum
1025 2712 1219 2762 minime

556 2791 757 2851 querant
778 2788 1125 2849 exhereditare,

558 2881 616 2914 ne
642 2865 872 2915 conformi
899 2867 1122 2917 stultitiae

1613 364 1674 398 ⁴235
