2092 3490
485 351 541 385 156
1109 348 1243 382 GESTA

672 431 991 482 Burchardum
1016 436 1256 480 consecrat
1280 431 1327 479 in
1352 432 1433 480 Dei
1459 431 1645 480 nomine

673 508 849 568 Quirini
875 507 1078 556 martiris
1104 508 1191 556 sub
1218 507 1389 567 celebri
1416 508 1537 567 die¹‚

672 585 936 650 mansitque
962 584 1158 633 celebris
1183 584 1228 632 in
1256 601 1342 633 suo
1367 591 1599 650 tempore.

945 739 1025 781 De
1060 738 1239 782 reditu
1273 738 1410 792 ejus.

515 872 574 917 89
740 872 971 933 Regresso
997 868 1138 934 igitur
1161 868 1220 916 ad
1246 868 1676 933 sedem-propriam

670 945 863 1010 subjecti
889 945 1126 994 celebrant
1150 961 1368 1011 magnam
1392 945 1608 1004 leticiam,

669 1039 759 1087 pro
784 1023 914 1088 cujus
939 1022 1110 1088 gaudio
1131 1022 1227 1088 jam
1254 1027 1384 1071 retro
1408 1022 1614 1071 habitam

669 1106 818 1149 totam
843 1100 972 1148 obliti
1000 1105 1108 1148 sunt
1134 1101 1295 1148 suam²
1321 1100 1597 1149 mesticiam.

511 1180 570 1225 90
735 1177 971 1225 Perfectus
996 1176 1208 1240 pontifex
1235 1176 1419 1225 favente
1445 1176 1643 1230 Domino

669 1254 716 1301 in
742 1253 853 1302 sede
878 1253 1070 1318 ponitur
1093 1254 1274 1302 honore
1297 1253 1505 1302 maximo
1537 1271 1546 1301 :

668 1331 1014 1395 amplectuntur
1039 1347 1147 1379 eum
1171 1347 1331 1379 amore
1356 1330 1502 1378 nimio

668 1407 828 1457 devoti
853 1407 1008 1456 clerici
1034 1423 1142 1456 cum
1167 1407 1295 1455 omni
1320 1407 1513 1472 populo.

507 1486 559 1531 94
734 1484 829 1532 Sibi
855 1485 1166 1533 communiter
1191 1484 1428 1548 spondent
1453 1483 1733 1547 obsequium

667 1566 808 1624 atque
833 1561 1156 1625 unusquisque
1182 1561 1263 1625 qui
1288 1567 1416 1610 tenet
1439 1560 1632 1609 feodum

667 1654 755 1702 per
780 1644 966 1687 sanctos
991 1654 1100 1687 cum
1124 1638 1218 1692 fide
1239 1638 1366 1703 jurat
1390 1637 1649 1686 hominium

667 1714 877 1763 victurus
903 1715 963 1763 ad
990 1731 1128 1763 suum
1153 1715 1297 1763 decus
1321 1720 1369 1763 et
1393 1714 1711 1764 commodum.

601 1865 683 1908 De
715 1865 1131 1918 recuperatione
1162 1867 1424 1909 bonorum
1456 1866 1742 1910 ecclesiae.

506 1996 568 2044 92
736 1999 784 2043 In
811 1995 906 2043 suis
932 1995 1133 2059 denique
1157 1995 1325 2060 primis
1349 1994 1572 2059 operibus

662 2072 770 2137 jura
796 2072 1044 2121 aecclesiae
1070 2073 1224 2136 querit
1248 2072 1499 2137 episcopus

671 2165 791 2211 quae
816 2154 949 2196 erant
974 2148 1143 2196 tradita
1169 2148 1541 2212 dispersionibus

670 2224 757 2282 sibi
784 2226 1085 2273 subtrahere3
1113 2225 1171 2273 de
1196 2225 1329 2272 malis
1351 2224 1583 2273 manibus.

510 2303 572 2349 93
740 2302 890 2351 Casati
915 2302 1086 2350 etenim
1113 2308 1160 2350 et
1184 2301 1375 2366 quidam
1400 2301 1569 2350 milites

670 2378 820 2436 villas,
852 2378 1008 2436 silvas,
1038 2394 1200 2442 aquas,
1229 2384 1379 2425 terras
1404 2377 1602 2427 arabiles

670 2472 788 2519 quas
814 2455 1181 2519 occupaverant-,4
1208 2471 1295 2518 per
1319 2454 1598 2513 invasiones,

524 2603 557 2638 1.
588 2601 718 2649 Comp.
741 2601 825 2649 plus
845 2602 938 2639 haut
956 2613 992 2649 p.
1013 2602 1092 2648 115,
1116 2605 1224 2638 notes
1244 2601 1265 2637 2
1285 2605 1322 2638 et
1341 2601 1375 2637 3.

523 2661 559 2697 2.
587 2672 707 2697 suam.
730 2660 835 2698 Dans
855 2661 890 2698 le
908 2672 981 2698 ms.
1005 2660 1209 2698 au-dessus
1230 2660 1275 2697 de
1295 2659 1331 2697 la
1349 2660 1461 2708 ligne.

524 2720 557 2757 3.
584 2722 809 2757 subtrahere.
851 2720 956 2758 Dans
991 2721 1025 2758 le
1056 2731 1127 2757 ms.
1163 2719 1190 2756 il
1221 2732 1245 2768 y
1277 2731 1299 2756 a
1329 2731 1376 2756 en
1409 2719 1611 2768 interligne
1642 2719 1678 2756 la
1707 2719 1878 2757 variante

479 2781 713 2823 re[trahere].

524 2838 558 2874 4.
587 2843 862 2884 occupaverant.
888 2838 993 2875 Dans
1015 2838 1047 2873 le
1068 2849 1137 2874 ms.
1162 2837 1187 2873 il
1208 2850 1231 2885 y
1251 2837 1353 2874 avait
1372 2836 1524 2874 d'abord
1543 2835 1788 2883 occupaverat.
