2092 3490
506 359 515 392 l
528 359 561 391 18
1136 351 1271 405 GES'I'A

500 462 645 510 opera
668 450 715 492 et
746 458 875 491 arma
905 439 1116 488 militaris
1147 439 1439 504 superbiae¹.
1474 445 1525 490 In
1557 441 1689 506 cujus
1721 441 1905 490 heredi-

499 528 642 571 tatem
677 526 724 568 et
765 520 991 567 honorem
1030 517 1167 564 heres
1206 517 1462 566 succedens
1502 518 1747 582 proximus
1781 518 1904 568 filius

499 615 610 648 suus
643 595 830 662 juvenis
868 593 1147 643 Balduinus2
1188 593 1321 658 quasi
1360 611 1420 641 ex
1455 594 1715 643 hereditate
1756 595 1904 660 patris

498 675 738 724 castellum
761 670 970 737 possedit
999 689 1008 718 :
1038 677 1086 719 et
1111 670 1230 719 sicut
1253 670 1314 719 de
1338 677 1490 734 patre,
1520 673 1583 720 ita
1606 672 1665 720 de
1686 672 1782 721 filio
1804 689 1905 722 cas-

497 753 759 801 tellaturam
796 749 966 807 tenuit,
1007 749 1128 797 facto
1164 748 1375 796 hominio
1409 753 1456 796 et
1491 747 1736 807 fidelitate,
1777 749 1904 798 idem

497 834 630 894 Hugo
656 826 947 875 castellanus.
975 829 1071 874 Hec
1095 825 1238 890 igitur
1255 825 1476 874 universa
1499 826 1654 874 omnia
1679 827 1904 891 quoniam

497 906 617 954 facta
657 909 765 953 sunt
805 909 968 952 contra
1007 906 1155 951 Deum
1192 908 1239 950 et
1278 907 1486 951 sanctam
1521 905 1904 953 Cameracensem

497 982 755 1039 ecclesiam,
772 980 1067 1029 Burchardus
1084 980 1334 1045 episcopus
1347 980 1475 1045 juste
1493 981 1730 1030 consultus
1747 981 1905 1046 ipsum
1929 1002 1933 1005 ⁴

497 1058 620 1123 cepit
653 1057 1058 1106 excommunicare
1088 1056 1366 1105 Balduinum
1400 1057 1621 1106 comitem
1655 1063 1702 1106 et
1733 1057 1903 1106 cotidie

496 1135 733 1200 campanis
760 1133 1033 1182 sonantibus
1062 1139 1168 1181 ante
1194 1133 1487 1182 Dominicum
1518 1150 1691 1198 corpus
1720 1140 1767 1182 et
1799 1151 1904 1182 san-

496 1213 685 1279 guinem
704 1212 896 1260 actitare
915 1211 1329 1275 proclamationem
1351 1212 1411 1260 ad
1430 1217 1699 1276 presentem
1722 1216 1771 1260 et
1794 1227 1904 1276 per-

497 1288 687 1355 petuam
712 1289 833 1337 illius
859 1288 1041 1337 comitis
1067 1288 1414 1336 damnationem
1438 1307 1447 1336 1
1477 1294 1526 1336 et
1549 1305 1660 1337 vere
1685 1288 1745 1337 ad
1770 1288 1903 1337 dam-

497 1367 732 1415 nationem
746 1365 1002 1414 secundum
1018 1381 1163 1429 opera
1179 1365 1279 1430 ejus
1294 1372 1340 1414 et
1352 1371 1562 1414 nostram
1575 1365 1898 1414 intentionem.

496 1446 594 1491 Non
621 1443 820 1490 multum
852 1442 976 1489 enim
1007 1446 1219 1490 moratur
1243 1441 1356 1489 illud
1386 1458 1480 1505 quo
1512 1458 1670 1490 comes
1700 1441 1776 1490 ille
1801 1442 1904 1490 Bal-

497 1519 682 1577 duinus,
712 1518 1112 1582 quemadmodum
1137 1523 1272 1581 pater
1296 1534 1408 1567 suus
1432 1519 1689 1576 Robertus,
1717 1518 1766 1567 in
1792 1535 1903 1583 pos-

497 1596 729 1645 sessiones
755 1600 941 1643 sanctae
965 1595 1132 1645 Mariae
1157 1595 1418 1660 ingressus,
1448 1594 1656 1659 quodam
1680 1595 1757 1644 die
1781 1585 1903 1644 mili-

496 1673 584 1721 tari
627 1673 816 1738 negotio
857 1672 1225 1731 circumventus,
1273 1673 1364 1721 tale
1403 1673 1573 1721 vulnus
1614 1679 1811 1737 repente
1852 1673 1901 1722 in

495 1749 692 1814 proprio
714 1749 921 1813 suscepit
945 1749 1097 1813 capite
1121 1749 1249 1812 quod
1274 1749 1400 1797 nullo
1416 1749 1577 1813 utique
1602 1750 1755 1814 potuit
1779 1750 1902 1799 salu-

495 1827 630 1875 tifero
657 1826 811 1874 sanari
835 1825 1186 1874 medicamine3.
1222 1826 1330 1875 Pius
1359 1832 1516 1874 tamen
1541 1826 1787 1884 DominUS,
1821 1826 1902 1890 qui

495 1903 729 1951 neminem
769 1903 872 1951 vult
907 1903 1087 1966 perire,
1135 1903 1215 1966 qui
1258 1919 1352 1951 non
1392 1903 1563 1951 letatur
1599 1902 1901 1952 morientium

495 1979 782 2045 perditione,
824 1980 961 2028 nobis
994 1979 1158 2027 tribuit
1194 1979 1339 2028 fidem
1375 1996 1487 2028 suae
1524 1973 1896 2037 misericordiae,

495 2056 684 2121 quando
723 2057 785 2104 illi
818 2057 1061 2104 vulnerato
1098 2062 1144 2104 et
1184 2057 1320 2122 plaga
1361 2062 1658 2121 putrescente
1694 2056 1902 2122 graviter

494 2245 529 2281 p.
553 2234 648 2280 512),
673 2233 708 2270 le
729 2234 749 2269 5
773 2233 923 2270 octobre
952 2233 1146 2279 (Necroloy.
1172 2233 1398 2278 Aquicinot„
1431 2235 1535 2276 ibid„
1566 2245 1604 2280 p.
1630 2233 1711 2281 504,
1739 2238 1817 2271 not.
1848 2234 1895 2280 5).

542 2294 575 2330 1.
603 2293 636 2329 Il
655 2304 679 2340 y
698 2303 721 2329 a
738 2292 930 2339 plusieurs
949 2292 1122 2328 versions
1144 2303 1249 2329 assez
1270 2291 1437 2328 diverses
1457 2303 1522 2328 sur
1541 2291 1577 2329 la
1595 2296 1696 2329 mort
1711 2291 1762 2329 du
1775 2298 1899 2330 comto

493 2352 637 2389 Robert
657 2351 694 2388 II
716 2351 775 2399 (V.
798 2353 876 2389 Rea.
896 2353 954 2387 des
974 2352 1066 2387 Hist.
1089 2352 1130 2387 de
1148 2353 1224 2395 Fr„
1247 2355 1274 2387 t.
1297 2350 1410 2398 XIII,
1431 2362 1467 2398 p.
1492 2351 1558 2388 394
1579 2351 1678 2388 med.
1697 2356 1735 2389 et
1747 2355 1827 2389 not.
1849 2353 1894 2399 b).

539 2412 574 2448 2.
603 2410 807 2448 Baudouin
827 2410 916 2456 VII,
939 2409 1159 2447 surnomme
1177 2411 1329 2456 Hapkin
1348 2421 1396 2447 ou
1417 2411 1440 2446 ὰ
1460 2413 1497 2447 la
1516 2411 1640 2446 haohe.
1820 2400 1823 2403 ’

542 2471 575 2508 3.
603 2471 710 2507 Nous
731 2470 848 2506 lisons
864 2469 910 2506 de
924 2480 1113 2518 nouveau,
1130 2469 1224 2506 dans
1238 2469 1293 2506 les
1307 2469 1462 2507 anciens
1475 2469 1695 2517 historiens,
1709 2468 1899 2517 plusieurs

495 2530 663 2567 versions
683 2530 759 2566 tres
779 2529 948 2566 diverses
967 2541 1033 2565 sur
1051 2529 1107 2566 les
1127 2540 1259 2567 causes
1279 2529 1326 2566 de
1346 2529 1383 2566 la
1400 2533 1501 2566 mort
1519 2529 1566 2567 de
1585 2528 1787 2566 Baudouin
1806 2528 1896 2566 VH.

492 2590 566 2626 Les
586 2588 811 2636 principales
831 2599 872 2625 se
891 2592 1069 2625 trouvent
1088 2587 1304 2636 rapportees
1325 2588 1420 2625 dans
1440 2587 1624 2626 l’histoire
1638 2588 1686 2626 de
1701 2587 1738 2625 la
1757 2591 1898 2625 restau-

493 2649 617 2685 ration
636 2648 683 2685 de
702 2647 871 2696 l'abhaye
890 2647 937 2685 de
958 2647 1228 2684 Saint-Martin
1249 2659 1315 2695 par
1333 2647 1505 2684 Her-man
1525 2648 1572 2685 de
1590 2647 1773 2694 Tournai,
1801 2647 1896 2685 dans

492 2708 529 2744 la
547 2707 620 2744 Vie
640 2707 690 2744 du
710 2707 754 2744 B.
778 2706 932 2744 Charles
952 2707 987 2744 le
1009 2706 1095 2744 Bon
1114 2718 1182 2754 par
1203 2706 1408 2753 Gauthier,
1436 2706 1530 2743 dans
1556 2707 1594 2744 la
1612 2706 1830 2755 Chronique
1849 2706 1896 2743 de

494 2766 759 2804 Saint-Bertin
786 2778 854 2814 par
880 2767 978 2804 Jean
1006 2766 1166 2814 d'Ypres
1195 2770 1233 2804 et
1261 2767 1355 2803 dans
1383 2765 1579 2804 l'Histoirs
1611 2765 1896 2814 ecclesiastique

493 2823 685 2862 d'Orderic
706 2825 808 2862 Vital
828 2828 961 2873 (comp.
984 2827 1060 2862 Rec.
1083 2827 1141 2861 des
1161 2827 1253 2862 Hist.
1275 2827 1316 2861 de
1336 2827 1410 2869 Fr„
1436 2830 1462 2862 t.
1486 2825 1607 2872 XIII,
1635 2837 1671 2873 px.
1698 2826 1781 2873 396,
1809 2825 1891 2873 336,

494 2883 560 2920 463
581 2888 618 2921 et
636 2886 725 2920 ibid.
749 2890 837 2922 note
857 2886 900 2931 c).
