2092 3490
485 346 546 380 238
1110 340 1249 373 GESTA

776 427 989 494 precepit
1012 430 1098 475 rex
1124 427 1347 492 episcopo

774 512 827 556 ut
850 506 974 554 bona
998 521 1084 553 suo
1107 504 1286 568 populo

775 583 1045 632 conferatur
1066 581 1270 630 dilectio.

484 664 581 713 443
841 659 1056 724 Precepit
1079 675 1270 724 quoque
1295 658 1476 708 civibus

774 742 828 787 ut
851 737 946 785 fide
970 742 1017 785 et
1041 736 1264 801 operibus

773 816 1032 864 honoretur
1055 813 1306 878 episcopus

775 892 896 941 sicut
920 891 1062 939 debet
1085 890 1133 938 in
1158 889 1395 939 omnibus.

484 971 582 1020 444
841 973 1032 1018 Terram
1058 964 1196 1016 simul
1221 966 1501 1024 custodiant,

775 1051 927 1095 castra
952 1062 1071 1110 quae
1097 1050 1267 1093 nocent
1292 1044 1479 1093 diruant

772 1130 853 1172 aut
877 1139 1020 1188 super
1043 1123 1115 1171 his
1140 1139 1199 1170 ne
1224 1128 1424 1171 noceant

776 1201 997 1250 fiduciam
1022 1200 1267 1264 accipiant.

483 1280 579 1329 445
839 1278 1027 1328 Justicia
1052 1277 1112 1325 de
1137 1276 1320 1335 casatis,

454 1358 456 1363 ’
774 1355 999 1404 militibus
1023 1360 1070 1403 et
1095 1353 1274 1403 clericis
1336 1384 1338 1386 -

775 1439 823 1482 et
846 1449 1012 1481 eorum
1033 1431 1218 1479 familiis

775 1509 835 1558 sit
858 1509 905 1557 in
931 1524 1072 1556 manu
1098 1506 1349 1572 pontificis.

483 1587 579 1635 446
840 1590 928 1635 Per
951 1586 1035 1634 has
1060 1584 1190 1649 pacis
1213 1584 1452 1649 pactiones

774 1662 935 1728 presul
961 1668 1009 1711 et
1033 1661 1103 1712 sui
1126 1661 1340 1711 homines

774 1740 923 1788 effecti
949 1744 1057 1788 sunt
1081 1739 1324 1788 unanimes

776 1819 1078 1867 Cameracum
1100 1815 1409 1864 remeantes¹.

484 1895 580 1944 447
840 1898 906 1943 De
927 1895 1014 1942 hac
1037 1899 1195 1942 tamen
1220 1892 1470 1942 concordia

539 1976 542 1977 ⁷
777 1973 898 2020 facta
922 1972 969 2020 in
994 1971 1121 2036 regis
1147 1971 1275 2019 curia

775 2048 861 2097 fuit
886 2047 1052 2097 dolens
1073 2053 1120 2096 et
1145 2047 1303 2096 invida

774 2131 916 2190 atque
941 2124 1302 2174 contradictoria

484 2203 579 2252 448
842 2204 1029 2252 illorum
1053 2202 1193 2251 turba
1217 2201 1390 2250 civium

775 2279 856 2343 qui
881 2279 1008 2343 passi
1029 2284 1140 2327 sunt
1163 2278 1496 2326 detrimentum

774 2362 874 2404 tam
898 2356 957 2404 de
982 2372 1093 2404 casu
1118 2355 1377 2403 amicorum

777 2449 920 2497 quam
944 2432 1110 2481 ablatis
1135 2431 1448 2496 captivorum.

485 2511 579 2560 449
841 2510 933 2559 Sed
958 2510 1171 2575 quamvis
1195 2509 1259 2557 illi
1285 2509 1473 2557 doleant

776 2588 856 2653 qui
879 2593 1101 2653 parentes
1123 2586 1393 2645 amiserant,

533 2730 566 2767 1.
594 2729 774 2767 Lambert
787 2730 834 2766 de
846 2728 1055 2775 Watrelos,
1071 2729 1092 2765 a
1106 2727 1255 2765 l'annee
1271 2727 1361 2765 1138
1379 2740 1386 2763 :
1411 2728 1614 2765 Concordia
1633 2735 1716 2762 vero
1735 2726 1891 2771 episcopi

485 2792 518 2825 et
537 2791 676 2825 civium
694 2790 795 2835 faeta
814 2792 865 2825 est
875 2792 958 2835 post
973 2789 1124 2834 pascha,
1148 2790 1335 2834 sopitaque
1349 2789 1453 2823 omni
1471 2788 1620 2823 malitia
1639 2786 1796 2822 domnus
1816 2786 1887 2830 epi-

486 2859 612 2894 scopus
631 2850 680 2884 ad
698 2849 825 2884 urbem
845 2849 957 2885 rediit
976 2859 1059 2884 cum
1078 2850 1199 2893 gloria
1222 2847 1271 2894 (p.
1295 2847 1389 2893 515).
