<?xml version="1.0" encoding="UTF-8"?>
<!DOCTYPE html PUBLIC "-//W3C//DTD XHTML 1.0 Transitional//EN"
    "http://www.w3.org/TR/xhtml1/DTD/xhtml1-transitional.dtd">
<html xmlns="http://www.w3.org/1999/xhtml" xml:lang="en" lang="en">
 <head>
  <title>
</title>
<meta http-equiv="Content-Type" content="text/html;charset=utf-8" />
  <meta name='ocr-system' content='tesseract 3.04.00' />
  <meta name='ocr-capabilities' content='ocr_page ocr_carea ocr_par ocr_line ocrx_word'/>
</head>
<body>
  <div class='ocr_page' id='page_1' title='image "./gestapontificumc00cambuoft_0056.png"; bbox 0 0 2092 3490; ppageno 0'>
   <div class='ocr_carea' id='block_1_1' title="bbox 531 425 590 470">
    <p class='ocr_par' dir='ltr' id='par_1_1' title="bbox 531 425 590 470">
     <span class='ocr_line' id='line_1_1' title="bbox 531 425 590 470; baseline 0 0"><span class='ocrx_word' id='word_1_1' title='bbox 531 425 590 470; x_wconf 70' lang='lat'><strong>48</strong></span> 
     </span>
    </p>
   </div>
   <div class='ocr_carea' id='block_1_2' title="bbox 528 732 587 777">
    <p class='ocr_par' dir='ltr' id='par_1_2' title="bbox 528 732 587 777">
     <span class='ocr_line' id='line_1_2' title="bbox 528 732 587 777; baseline 0 0"><span class='ocrx_word' id='word_1_2' title='bbox 528 732 587 777; x_wconf 73' lang='grc'><strong>’19</strong></span> 
     </span>
    </p>
   </div>
   <div class='ocr_carea' id='block_1_3' title="bbox 518 1042 580 1092">
    <p class='ocr_par' dir='ltr' id='par_1_3' title="bbox 518 1042 580 1092">
     <span class='ocr_line' id='line_1_3' title="bbox 518 1042 580 1092; baseline -0.065 0"><span class='ocrx_word' id='word_1_3' title='bbox 518 1042 580 1092; x_wconf 90' lang='grc'><strong>20</strong></span> 
     </span>
    </p>
   </div>
   <div class='ocr_carea' id='block_1_4' title="bbox 521 1350 574 1399">
    <p class='ocr_par' dir='ltr' id='par_1_4' title="bbox 521 1350 574 1399">
     <span class='ocr_line' id='line_1_4' title="bbox 521 1350 574 1399; baseline -0.075 0"><span class='ocrx_word' id='word_1_4' title='bbox 521 1350 574 1399; x_wconf 74' lang='grc'><strong>21</strong></span> 
     </span>
    </p>
   </div>
   <div class='ocr_carea' id='block_1_5' title="bbox 518 1657 581 1707">
    <p class='ocr_par' dir='ltr' id='par_1_5' title="bbox 518 1657 581 1707">
     <span class='ocr_line' id='line_1_5' title="bbox 518 1657 581 1707; baseline 0.016 -1"><span class='ocrx_word' id='word_1_5' title='bbox 518 1657 581 1707; x_wconf 91' lang='grc'><strong>22</strong></span> 
     </span>
    </p>
   </div>
   <div class='ocr_carea' id='block_1_6' title="bbox 517 1963 578 2013">
    <p class='ocr_par' dir='ltr' id='par_1_6' title="bbox 517 1963 578 2013">
     <span class='ocr_line' id='line_1_6' title="bbox 517 1963 578 2013; baseline -0.033 0"><span class='ocrx_word' id='word_1_6' title='bbox 517 1963 578 2013; x_wconf 88' lang='grc'><strong>23</strong></span> 
     </span>
    </p>
   </div>
   <div class='ocr_carea' id='block_1_7' title="bbox 516 2272 579 2322">
    <p class='ocr_par' dir='ltr' id='par_1_7' title="bbox 516 2272 579 2322">
     <span class='ocr_line' id='line_1_7' title="bbox 516 2272 579 2322; baseline -0.016 0"><span class='ocrx_word' id='word_1_7' title='bbox 516 2272 579 2322; x_wconf 73' lang='grc'><strong>24</strong></span> 
     </span>
    </p>
   </div>
   <div class='ocr_carea' id='block_1_8' title="bbox 517 2582 578 2631">
    <p class='ocr_par' dir='ltr' id='par_1_8' title="bbox 517 2582 578 2631">
     <span class='ocr_line' id='line_1_8' title="bbox 517 2582 578 2631; baseline -0.049 0"><span class='ocrx_word' id='word_1_8' title='bbox 517 2582 578 2631; x_wconf 79' lang='grc'><strong>25</strong></span> 
     </span>
    </p>
   </div>
   <div class='ocr_carea' id='block_1_9' title="bbox 1127 334 1262 367">
    <p class='ocr_par' dir='ltr' id='par_1_9' title="bbox 1127 334 1262 367">
     <span class='ocr_line' id='line_1_9' title="bbox 1127 334 1262 367; baseline -0.007 0"><span class='ocrx_word' id='word_1_9' title='bbox 1127 334 1262 367; x_wconf 79' lang='lat' dir='ltr'>GESTA</span> 
     </span>
    </p>
   </div>
   <div class='ocr_carea' id='block_1_10' title="bbox 773 421 1579 2721">
    <p class='ocr_par' dir='ltr' id='par_1_10' title="bbox 782 421 1578 717">
     <span class='ocr_line' id='line_1_10' title="bbox 852 421 1501 486; baseline -0.002 -15"><span class='ocrx_word' id='word_1_10' title='bbox 852 426 968 471; x_wconf 86' lang='lat' dir='ltr'><strong>Nam</strong></span> <span class='ocrx_word' id='word_1_11' title='bbox 991 421 1055 469; x_wconf 83' lang='lat' dir='ltr'><strong>illi</strong></span> <span class='ocrx_word' id='word_1_12' title='bbox 1080 421 1159 486; x_wconf 91' lang='lat' dir='ltr'><strong>qui</strong></span> <span class='ocrx_word' id='word_1_13' title='bbox 1185 422 1290 486; x_wconf 91' lang='lat' dir='ltr'><strong>plus</strong></span> <span class='ocrx_word' id='word_1_14' title='bbox 1315 421 1501 486; x_wconf 86' lang='lat' dir='ltr'><strong>sapiunt</strong></span> 
     </span>
     <span class='ocr_line' id='line_1_11' title="bbox 785 498 1433 564; baseline 0 -17"><span class='ocrx_word' id='word_1_15' title='bbox 785 504 833 547; x_wconf 88' lang='lat' dir='ltr'><strong>et</strong></span> <span class='ocrx_word' id='word_1_16' title='bbox 855 499 1008 564; x_wconf 86' lang='lat' dir='ltr'><strong>legem</strong></span> <span class='ocrx_word' id='word_1_17' title='bbox 1032 498 1184 564; x_wconf 84' lang='lat' dir='ltr'><strong>magis</strong></span> <span class='ocrx_word' id='word_1_18' title='bbox 1208 499 1433 548; x_wconf 81' lang='lat' dir='ltr'><strong>sentiunt1</strong></span> 
     </span>
     <span class='ocr_line' id='line_1_12' title="bbox 784 575 1578 640; baseline 0.001 -16"><span class='ocrx_word' id='word_1_19' title='bbox 784 576 912 640; x_wconf 88' lang='lat' dir='ltr'>quod</span> <span class='ocrx_word' id='word_1_20' title='bbox 938 575 1196 634; x_wconf 84' lang='lat' dir='ltr'><strong>dissonant,</strong></span> <span class='ocrx_word' id='word_1_21' title='bbox 1224 575 1352 640; x_wconf 90' lang='lat' dir='ltr'>quod</span> <span class='ocrx_word' id='word_1_22' title='bbox 1376 575 1578 634; x_wconf 82' lang='lat' dir='ltr'><strong>seviunt,</strong></span> 
     </span>
     <span class='ocr_line' id='line_1_13' title="bbox 782 652 1365 717; baseline 0 -16"><span class='ocrx_word' id='word_1_23' title='bbox 782 653 970 717; x_wconf 85' lang='lat' dir='ltr'><strong>plebem</strong></span> <span class='ocrx_word' id='word_1_24' title='bbox 994 669 1153 701; x_wconf 84' lang='lat' dir='ltr'><strong>errare</strong></span> <span class='ocrx_word' id='word_1_25' title='bbox 1176 652 1365 701; x_wconf 85' lang='lat' dir='ltr'><strong>faciunt.</strong></span> 
     </span>
    </p>

    <p class='ocr_par' dir='ltr' id='par_1_11' title="bbox 779 729 1406 1010">
     <span class='ocr_line' id='line_1_14' title="bbox 849 729 1370 794; baseline -0.002 -15"><span class='ocrx_word' id='word_1_26' title='bbox 849 729 1011 779; x_wconf 80' lang='lat' dir='ltr'>Clerici</span> <span class='ocrx_word' id='word_1_27' title='bbox 1035 746 1123 794; x_wconf 84' lang='lat' dir='ltr'><strong>per</strong></span> <span class='ocrx_word' id='word_1_28' title='bbox 1146 729 1370 778; x_wconf 86' lang='lat' dir='ltr'><strong>invidiam</strong></span> 
     </span>
     <span class='ocr_line' id='line_1_15' title="bbox 781 806 1372 865; baseline -0.002 -10"><span class='ocrx_word' id='word_1_29' title='bbox 781 807 1061 856; x_wconf 87' lang='lat' dir='ltr'><strong>dissentiunt</strong></span> <span class='ocrx_word' id='word_1_30' title='bbox 1083 806 1131 854; x_wconf 94' lang='lat' dir='ltr'><strong>in</strong></span> <span class='ocrx_word' id='word_1_31' title='bbox 1156 806 1372 865; x_wconf 87' lang='lat' dir='ltr'><strong>invicem,</strong></span> 
     </span>
     <span class='ocr_line' id='line_1_16' title="bbox 781 883 1390 934; baseline -0.005 0"><span class='ocrx_word' id='word_1_32' title='bbox 781 885 953 934; x_wconf 85' lang='lat' dir='ltr'><strong>docent</strong></span> <span class='ocrx_word' id='word_1_33' title='bbox 977 900 1141 933; x_wconf 89' lang='lat' dir='ltr'><strong>omnes</strong></span> <span class='ocrx_word' id='word_1_34' title='bbox 1165 883 1390 932; x_wconf 85' lang='lat' dir='ltr'><strong>malitiam</strong></span> 
     </span>
     <span class='ocr_line' id='line_1_17' title="bbox 779 960 1406 1010; baseline -0.002 -1"><span class='ocrx_word' id='word_1_35' title='bbox 779 967 827 1010; x_wconf 94' lang='lat' dir='ltr'><strong>et</strong></span> <span class='ocrx_word' id='word_1_36' title='bbox 852 961 1083 1009; x_wconf 83' lang='lat' dir='ltr'><strong>seminant</strong></span> <span class='ocrx_word' id='word_1_37' title='bbox 1106 960 1406 1009; x_wconf 79' lang='lat' dir='ltr'>discordiam.</span> 
     </span>
    </p>

    <p class='ocr_par' dir='ltr' id='par_1_12' title="bbox 778 1039 1579 1336">
     <span class='ocr_line' id='line_1_18' title="bbox 842 1039 1579 1105; baseline -0.001 -16"><span class='ocrx_word' id='word_1_38' title='bbox 842 1040 933 1089; x_wconf 89' lang='lat' dir='ltr'><strong>Sed</strong></span> <span class='ocrx_word' id='word_1_39' title='bbox 958 1045 1208 1105; x_wconf 88' lang='lat' dir='ltr'>postquam</span> <span class='ocrx_word' id='word_1_40' title='bbox 1232 1039 1349 1088; x_wconf 85' lang='lat' dir='ltr'><strong>vidit</strong></span> <span class='ocrx_word' id='word_1_41' title='bbox 1374 1039 1579 1105; x_wconf 90' lang='lat' dir='ltr'><strong>populus</strong></span> 
     </span>
     <span class='ocr_line' id='line_1_19' title="bbox 779 1117 1349 1166; baseline 0.002 -1"><span class='ocrx_word' id='word_1_42' title='bbox 779 1117 841 1166; x_wconf 84' lang='lat' dir='ltr'><strong>nil</strong></span> <span class='ocrx_word' id='word_1_43' title='bbox 867 1117 1144 1166; x_wconf 82' lang='lat' dir='ltr'>clericorum</span> <span class='ocrx_word' id='word_1_44' title='bbox 1167 1117 1349 1166; x_wconf 87' lang='lat' dir='ltr'><strong>actibus</strong></span> 
     </span>
     <span class='ocr_line' id='line_1_20' title="bbox 781 1194 1355 1258; baseline 0.002 -16"><span class='ocrx_word' id='word_1_45' title='bbox 781 1194 937 1258; x_wconf 88' lang='lat' dir='ltr'><strong>nilque</strong></span> <span class='ocrx_word' id='word_1_46' title='bbox 958 1211 1122 1243; x_wconf 80' lang='lat' dir='ltr'><strong>eorum</strong></span> <span class='ocrx_word' id='word_1_47' title='bbox 1144 1194 1355 1243; x_wconf 85' lang='lat' dir='ltr'><strong>moribus</strong></span> 
     </span>
     <span class='ocr_line' id='line_1_21' title="bbox 778 1271 1359 1336; baseline 0 -16"><span class='ocrx_word' id='word_1_48' title='bbox 778 1271 827 1320; x_wconf 92' lang='lat' dir='ltr'><strong>in</strong></span> <span class='ocrx_word' id='word_1_49' title='bbox 851 1272 991 1321; x_wconf 84' lang='lat' dir='ltr'><strong>terris</strong></span> <span class='ocrx_word' id='word_1_50' title='bbox 1016 1288 1119 1320; x_wconf 91' lang='lat' dir='ltr'><strong>esse</strong></span> <span class='ocrx_word' id='word_1_51' title='bbox 1142 1271 1359 1336; x_wconf 89' lang='lat' dir='ltr'><strong>nequius,</strong></span> 
     </span>
    </p>

    <p class='ocr_par' dir='ltr' id='par_1_13' title="bbox 777 1348 1443 1644">
     <span class='ocr_line' id='line_1_22' title="bbox 843 1348 1443 1407; baseline -0.003 -8"><span class='ocrx_word' id='word_1_52' title='bbox 843 1352 1084 1400; x_wconf 85' lang='lat' dir='ltr'><strong>Venerunt</strong></span> <span class='ocrx_word' id='word_1_53' title='bbox 1107 1349 1154 1397; x_wconf 91' lang='lat' dir='ltr'><strong>in</strong></span> <span class='ocrx_word' id='word_1_54' title='bbox 1181 1348 1443 1407; x_wconf 87' lang='lat' dir='ltr'><strong>consilium,</strong></span> 
     </span>
     <span class='ocr_line' id='line_1_23' title="bbox 778 1426 1303 1491; baseline 0 -17"><span class='ocrx_word' id='word_1_55' title='bbox 778 1426 987 1475; x_wconf 87' lang='lat' dir='ltr'><strong>dicentes</strong></span> <span class='ocrx_word' id='word_1_56' title='bbox 1012 1426 1303 1491; x_wconf 90' lang='lat' dir='ltr'><strong>episcopium</strong></span> 
     </span>
     <span class='ocr_line' id='line_1_24' title="bbox 778 1503 1358 1569; baseline 0 -17"><span class='ocrx_word' id='word_1_57' title='bbox 778 1503 1035 1569; x_wconf 87' lang='lat' dir='ltr'><strong>sumpsisse</strong></span> <span class='ocrx_word' id='word_1_58' title='bbox 1060 1503 1358 1568; x_wconf 80' lang='lat' dir='ltr'>precipitium</span> 
     </span>
     <span class='ocr_line' id='line_1_25' title="bbox 777 1579 1402 1644; baseline 0.002 -17"><span class='ocrx_word' id='word_1_59' title='bbox 777 1596 865 1644; x_wconf 75' lang='lat' dir='ltr'><strong>per</strong></span> <span class='ocrx_word' id='word_1_60' title='bbox 888 1580 978 1628; x_wconf 91' lang='lat' dir='ltr'><strong>hoc</strong></span> <span class='ocrx_word' id='word_1_61' title='bbox 1001 1580 1110 1628; x_wconf 84' lang='lat' dir='ltr'>cleri</span> <span class='ocrx_word' id='word_1_62' title='bbox 1137 1579 1402 1628; x_wconf 86' lang='lat' dir='ltr'>discidium.</span> 
     </span>
    </p>

    <p class='ocr_par' dir='ltr' id='par_1_14' title="bbox 777 1656 1466 1937">
     <span class='ocr_line' id='line_1_26' title="bbox 842 1656 1466 1714; baseline 0 -9"><span class='ocrx_word' id='word_1_63' title='bbox 842 1657 957 1705; x_wconf 90' lang='lat' dir='ltr'><strong>Hinc</strong></span> <span class='ocrx_word' id='word_1_64' title='bbox 979 1662 1143 1705; x_wconf 83' lang='lat' dir='ltr'><strong>tenent</strong></span> <span class='ocrx_word' id='word_1_65' title='bbox 1164 1656 1466 1714; x_wconf 85' lang='lat' dir='ltr'><strong>audientiam,</strong></span> 
     </span>
     <span class='ocr_line' id='line_1_27' title="bbox 778 1734 1421 1798; baseline 0.002 -17"><span class='ocrx_word' id='word_1_66' title='bbox 778 1740 1006 1798; x_wconf 80' lang='lat' dir='ltr'><strong>spernunt</strong></span> <span class='ocrx_word' id='word_1_67' title='bbox 1029 1734 1140 1782; x_wconf 85' lang='lat' dir='ltr'>cleri</span> <span class='ocrx_word' id='word_1_68' title='bbox 1163 1734 1421 1791; x_wconf 85' lang='lat' dir='ltr'><strong>scientiam,</strong></span> 
     </span>
     <span class='ocr_line' id='line_1_28' title="bbox 778 1811 1347 1875; baseline 0 -16"><span class='ocrx_word' id='word_1_69' title='bbox 778 1811 857 1874; x_wconf 91' lang='lat' dir='ltr'><strong>qui</strong></span> <span class='ocrx_word' id='word_1_70' title='bbox 882 1816 1082 1875; x_wconf 78' lang='lat' dir='ltr'><strong>propter</strong></span> <span class='ocrx_word' id='word_1_71' title='bbox 1105 1811 1347 1859; x_wconf 84' lang='lat' dir='ltr'><strong>avaritiam</strong></span> 
     </span>
     <span class='ocr_line' id='line_1_29' title="bbox 777 1888 1357 1937; baseline -0.002 0"><span class='ocrx_word' id='word_1_72' title='bbox 777 1888 859 1937; x_wconf 93' lang='lat' dir='ltr'><strong>Dei</strong></span> <span class='ocrx_word' id='word_1_73' title='bbox 882 1889 1074 1937; x_wconf 82' lang='lat' dir='ltr'><strong>turbant</strong></span> <span class='ocrx_word' id='word_1_74' title='bbox 1097 1888 1357 1937; x_wconf 79' lang='lat' dir='ltr'><strong>ecclesiam.</strong></span> 
     </span>
    </p>

    <p class='ocr_par' dir='ltr' id='par_1_15' title="bbox 775 1964 1517 2246">
     <span class='ocr_line' id='line_1_30' title="bbox 841 1964 1478 2030; baseline 0 -17"><span class='ocrx_word' id='word_1_75' title='bbox 841 1968 1076 2030; x_wconf 83' lang='lat' dir='ltr'><strong>Spernunt</strong></span> <span class='ocrx_word' id='word_1_76' title='bbox 1102 1982 1268 2014; x_wconf 84' lang='lat' dir='ltr'><strong>eorum</strong></span> <span class='ocrx_word' id='word_1_77' title='bbox 1292 1964 1478 2014; x_wconf 89' lang='lat' dir='ltr'><strong>codices</strong></span> 
     </span>
     <span class='ocr_line' id='line_1_31' title="bbox 775 2042 1349 2100; baseline 0.002 -10"><span class='ocrx_word' id='word_1_78' title='bbox 775 2047 824 2090; x_wconf 89' lang='lat' dir='ltr'><strong>et</strong></span> <span class='ocrx_word' id='word_1_79' title='bbox 848 2042 1036 2091; x_wconf 87' lang='lat' dir='ltr'><strong>decreta</strong></span> <span class='ocrx_word' id='word_1_80' title='bbox 1060 2048 1107 2091; x_wconf 90' lang='lat' dir='ltr'><strong>et</strong></span> <span class='ocrx_word' id='word_1_81' title='bbox 1131 2059 1349 2100; x_wconf 84' lang='lat' dir='ltr'><strong>canoneS‚</strong></span> 
     </span>
     <span class='ocr_line' id='line_1_32' title="bbox 775 2117 1517 2183; baseline -0.003 -16"><span class='ocrx_word' id='word_1_82' title='bbox 775 2136 895 2183; x_wconf 90' lang='lat' dir='ltr'><strong>quos</strong></span> <span class='ocrx_word' id='word_1_83' title='bbox 919 2136 1063 2183; x_wconf 82' lang='lat' dir='ltr'><strong>super</strong></span> <span class='ocrx_word' id='word_1_84' title='bbox 1088 2125 1279 2168; x_wconf 87' lang='lat' dir='ltr'><strong>cunctos</strong></span> <span class='ocrx_word' id='word_1_85' title='bbox 1303 2117 1517 2167; x_wconf 89' lang='lat' dir='ltr'><strong>homines</strong></span> 
     </span>
     <span class='ocr_line' id='line_1_33' title="bbox 775 2196 1340 2246; baseline -0.002 -1"><span class='ocrx_word' id='word_1_86' title='bbox 775 2197 934 2246; x_wconf 88' lang='lat' dir='ltr'><strong>dicunt</strong></span> <span class='ocrx_word' id='word_1_87' title='bbox 958 2214 1061 2245; x_wconf 85' lang='lat' dir='ltr'><strong>esse</strong></span> <span class='ocrx_word' id='word_1_88' title='bbox 1086 2196 1340 2244; x_wconf 80' lang='lat' dir='ltr'><strong>mirabiles.</strong></span> 
     </span>
    </p>

    <p class='ocr_par' dir='ltr' id='par_1_16' title="bbox 773 2272 1406 2560">
     <span class='ocr_line' id='line_1_34' title="bbox 838 2272 1383 2338; baseline -0.006 -16"><span class='ocrx_word' id='word_1_89' title='bbox 838 2274 1018 2322; x_wconf 67' lang='lat' dir='ltr'><strong>,Iuravit</strong></span> <span class='ocrx_word' id='word_1_90' title='bbox 1041 2289 1154 2338; x_wconf 83' lang='lat' dir='ltr'><strong>ergo</strong></span> <span class='ocrx_word' id='word_1_91' title='bbox 1179 2272 1383 2337; x_wconf 92' lang='lat' dir='ltr'><strong>populus</strong></span> 
     </span>
     <span class='ocr_line' id='line_1_35' title="bbox 773 2349 1350 2414; baseline -0.002 -17"><span class='ocrx_word' id='word_1_92' title='bbox 773 2366 863 2414; x_wconf 84' lang='lat' dir='ltr'><strong>pro</strong></span> <span class='ocrx_word' id='word_1_93' title='bbox 886 2354 958 2398; x_wconf 83' lang='lat' dir='ltr'><strong>tot</strong></span> <span class='ocrx_word' id='word_1_94' title='bbox 982 2349 1350 2398; x_wconf 86' lang='lat' dir='ltr'><strong>dissensionibus</strong></span> 
     </span>
     <span class='ocr_line' id='line_1_36' title="bbox 775 2426 1406 2490; baseline -0.003 -15"><span class='ocrx_word' id='word_1_95' title='bbox 775 2426 903 2490; x_wconf 90' lang='lat' dir='ltr'>quod</span> <span class='ocrx_word' id='word_1_96' title='bbox 927 2444 1021 2474; x_wconf 91' lang='lat' dir='ltr'><strong>non</strong></span> <span class='ocrx_word' id='word_1_97' title='bbox 1046 2427 1135 2474; x_wconf 84' lang='lat' dir='ltr'><strong>erit</strong></span> <span class='ocrx_word' id='word_1_98' title='bbox 1157 2426 1406 2490; x_wconf 89' lang='lat' dir='ltr'><strong>episcopus</strong></span> 
     </span>
     <span class='ocr_line' id='line_1_37' title="bbox 774 2502 1325 2560; baseline 0 -10"><span class='ocrx_word' id='word_1_99' title='bbox 774 2519 860 2550; x_wconf 90' lang='lat' dir='ltr'><strong>nec</strong></span> <span class='ocrx_word' id='word_1_100' title='bbox 883 2503 958 2551; x_wconf 91' lang='lat' dir='ltr'><strong>hic</strong></span> <span class='ocrx_word' id='word_1_101' title='bbox 982 2519 1067 2550; x_wconf 89' lang='lat' dir='ltr'><strong>nec</strong></span> <span class='ocrx_word' id='word_1_102' title='bbox 1091 2503 1166 2550; x_wconf 89' lang='lat' dir='ltr'><strong>ille</strong></span> <span class='ocrx_word' id='word_1_103' title='bbox 1192 2502 1325 2560; x_wconf 85' lang='lat' dir='ltr'><strong>alius,</strong></span> 
     </span>
    </p>

    <p class='ocr_par' dir='ltr' id='par_1_17' title="bbox 775 2578 1388 2721">
     <span class='ocr_line' id='line_1_38' title="bbox 840 2578 1388 2643; baseline -0.002 -17"><span class='ocrx_word' id='word_1_104' title='bbox 840 2579 929 2627; x_wconf 90' lang='lat' dir='ltr'><strong>nisi</strong></span> <span class='ocrx_word' id='word_1_105' title='bbox 954 2579 1028 2627; x_wconf 89' lang='lat' dir='ltr'><strong>ille</strong></span> <span class='ocrx_word' id='word_1_106' title='bbox 1053 2596 1195 2643; x_wconf 87' lang='lat' dir='ltr'><strong>quem</strong></span> <span class='ocrx_word' id='word_1_107' title='bbox 1221 2578 1388 2626; x_wconf 92' lang='lat' dir='ltr'><strong>nobilis</strong></span> 
     </span>
     <span class='ocr_line' id='line_1_39' title="bbox 775 2656 1366 2721; baseline -0.003 -16"><span class='ocrx_word' id='word_1_108' title='bbox 775 2657 1031 2721; x_wconf 83' lang='lat' dir='ltr'><strong>imperator</strong></span> <span class='ocrx_word' id='word_1_109' title='bbox 1055 2656 1366 2706; x_wconf 77' lang='lat' dir='ltr'><strong>transmiserit</strong></span> 
     </span>
    </p>
   </div>
   <div class='ocr_carea' id='block_1_11' title="bbox 533 2823 1248 2861">
    <p class='ocr_par' dir='ltr' id='par_1_18' title="bbox 533 2823 1248 2861">
     <span class='ocr_line' id='line_1_40' title="bbox 533 2823 1248 2861; baseline 0 -1"><span class='ocrx_word' id='word_1_110' title='bbox 533 2824 566 2861; x_wconf 83' lang='lat'><strong>1.</strong></span> <span class='ocrx_word' id='word_1_111' title='bbox 593 2825 769 2861; x_wconf 83' lang='lat' dir='ltr'><strong>sentiunt.</strong></span> <span class='ocrx_word' id='word_1_112' title='bbox 792 2823 898 2861; x_wconf 75' lang='lat' dir='ltr'><strong>Dans</strong></span> <span class='ocrx_word' id='word_1_113' title='bbox 920 2823 956 2861; x_wconf 90' lang='lat' dir='ltr'><strong>le</strong></span> <span class='ocrx_word' id='word_1_114' title='bbox 974 2835 1047 2860; x_wconf 88' lang='lat' dir='ltr'><strong>ms.</strong></span> <span class='ocrx_word' id='word_1_115' title='bbox 1069 2826 1248 2860; x_wconf 73' lang='lat' dir='ltr'><strong>sensium.</strong></span> 
     </span>
    </p>
   </div>
  </div>
 </body>
</html>
