2092 3490
235 592 333 642 228

235 901 332 952 229

236 1212 332 1262 230
388 1187 391 1193 ’

236 1523 324 1575 234

237 1835 335 1886 232

238 2147 335 2198 233

240 2454 338 2508 234

827 341 1039 376 GALGHERI
1046 368 1052 374 .

527 433 674 482 immo
699 431 800 498 ejus
825 432 1036 498 episcopi

527 509 700 575 privati
721 513 771 558 et
795 509 1042 559 domestici

594 587 874 652 inceperunt
897 587 1109 654 recipere

529 665 786 732 legationes
810 668 1019 715 Manasse

528 734 674 793 oblito
699 742 829 808 quod
854 743 1125 808 nuperrime

530 821 840 870 decreverant
864 819 1124 869 attendere.

594 898 843 948 Mandabat
868 898 992 947 enim
1020 898 1218 964 grandia

529 978 765 1026 Manasses
790 976 880 1025 illis
904 992 1118 1034 munera,

530 1054 706 1104 scilicet
729 1044 1002 1119 municipia,

528 1131 679 1191 villas,
708 1137 861 1181 terras
883 1137 930 1180 et
956 1131 1147 1197 predia;

594 1226 781 1270 aurum,
810 1214 1078 1276 argentum,
1106 1209 1328 1268 honoreS‚

530 1304 609 1338 res
631 1288 774 1337 etiam
797 1287 1098 1353 multiplices,

530 1382 653 1431 quae
677 1365 829 1432 magis
854 1371 963 1415 sunt
989 1365 1216 1414 amabiles

529 1443 659 1511 apud
684 1460 854 1493 avaros
877 1443 1110 1492 homines.

596 1525 693 1571 Hec
717 1537 813 1570 non
837 1521 1032 1570 mandat
1055 1520 1336 1580 minoribuS‚

532 1600 619 1650 sed
641 1599 827 1667 magnis
852 1604 900 1648 et
924 1598 1215 1665 potentibuS‚

531 1683 580 1727 et
602 1678 676 1728 his
701 1678 783 1744 qui
807 1683 1011 1743 possunt
1032 1677 1200 1727 melius

531 1761 581 1806 et
603 1755 719 1805 foris
742 1761 790 1805 et
814 1756 1028 1805 interius.

597 1833 786 1884 Mandat
810 1839 858 1883 et
881 1833 972 1882 illis
997 1832 1217 1881 omnibus

533 1911 616 1977 qui
640 1912 803 1961 vivere
827 1911 887 1960 de
912 1910 1129 1977 raptibus

534 1995 582 2039 et
606 1989 666 2039 de
689 1989 1042 2039 venditionibus

533 2068 714 2117 cunctis
738 2068 947 2134 gaudent
970 2066 1284 2133 temporibus.

598 2147 861 2195 Manassem
884 2145 1002 2194 tales
1027 2144 1240 2203 audiunt,

533 2222 631 2272 suis
655 2223 905 2288 promissis
930 2228 1144 2272 annuunt

534 2304 582 2350 et
601 2299 702 2366 jam
727 2300 818 2349 sibi
839 2300 1123 2350 assentiunt¹

534 2383 583 2427 et
606 2377 804 2427 obedire
830 2378 1043 2443 cupiunt.

601 2455 720 2505 Hinc
743 2461 889 2523 agunt
913 2455 1239 2505 conventicula

535 2538 678 2598 atque
702 2533 1026 2592 conciliabula,

537 2616 744 2677 querunt
768 2612 1048 2661 execrabilia

535 2689 817 2740 alterutrum
839 2690 1050 2740 consilia.

292 2860 326 2897 1.
353 2862 574 2898 assentiunt.
599 2860 706 2899 Dans
726 2861 762 2899 le
782 2873 855 2899 ms.
878 2863 1102 2899 assensium.

1608 344 1644 378 ‘ll
