2092 3490
810 348 1053 384 LlETHARDI.
1580 349 1632 384 161

256 443 319 490 65
417 441 526 491 hinc
550 456 777 508 magnum
802 440 965 491 odium
990 440 1163 490 mereri
1188 445 1358 506 potero
1384 457 1395 489 ε

482 524 688 568 attamen
714 524 787 568 sat
811 518 991 568 dictum
1015 525 1086 568 est
1113 518 1405 584 sapientibus

415 597 563 646 vitam
586 597 802 646 heretici¹
829 614 925 646 non
950 597 1295 663 ignorantibus.
1375 615 1377 620 ’

480 675 713 725 Tristatur
738 675 896 741 itaque
922 675 1076 725 clerus
1101 680 1148 724 et
1173 675 1379 742 populus

414 752 544 818 quod
571 771 622 803 se
646 759 746 803 tam
770 753 975 819 turpiter
998 758 1166 803 tractat
1193 753 1447 819 episcopus
1478 771 1489 802 :

250 833 314 880 70
479 831 682 880 invitum
706 831 814 880 ideo
839 837 1087 880 moventes
1112 832 1354 896 presulem

412 908 473 958 ad
499 909 696 959 domum
722 910 1011 976 compellunt
1036 910 1192 960 redire
1215 909 1481 975 propriam.

475 987 549 1038 Ad
572 988 779 1053 primam
801 987 977 1038 iterum
1002 988 1122 1037 iram
1148 1005 1292 1053 quam
1316 987 1497 1047 habuit,

413 1083 441 1114 a
465 1065 610 1115 domo
635 1065 798 1115 exiens
820 1066 1018 1115 alteram
1042 1066 1216 1131 repetit
1244 1084 1254 1115 ε

477 1143 539 1193 ad
565 1150 780 1193 sanctum
805 1143 1090 1193 Autbertum
1114 1149 1228 1194 tunc
1252 1143 1519 1210 hospitatus
1544 1148 1633 1194 est.

250 1223 312 1271 75
412 1224 478 1271 Ne
502 1221 634 1271 illum
659 1222 819 1272 famuli
845 1228 1104 1288 sequantur
1127 1222 1348 1287 prohibet
1378 1240 1389 1271 ε

475 1305 719 1365 tamquam
744 1317 836 1365 pro
860 1297 1077 1350 hostibus
1103 1300 1243 1349 habet
1268 1300 1576 1359 domesti008‚

410 1394 532 1443 quos
556 1378 684 1428 unde
709 1378 869 1427 videat
893 1396 989 1428 non
1014 1379 1157 1428 habet
1182 1379 1362 1429 oculos.

474 1455 646 1506 Iccirco
671 1455 854 1505 laborat
879 1456 980 1523 ejus
1005 1456 1259 1506 crudelitas

409 1533 457 1583 in
483 1550 568 1584 sua
589 1534 718 1584 curia
743 1551 802 1583 ne
829 1534 889 1584 sit
914 1535 1169 1584 hereditas.

246 1611 308 1659 80
474 1612 592 1661 Hinc
616 1612 750 1678 prius
775 1612 949 1662 invasit
973 1612 1119 1661 curtis
1143 1611 1486 1677 prepositum2,

410 1687 670 1739 defendens
695 1707 755 1739 ne
781 1707 918 1739 suum
945 1695 1052 1757 agat
1077 1684 1302 1749 Officium,

467 1766 728 1834 juransque
753 1786 842 1834 per
867 1768 1037 1819 Christi
1063 1786 1238 1834 corpus
1263 1774 1310 1818 et
1336 1767 1612 1835 sanguinem

407 1841 538 1910 quod
562 1846 914 1911 preposituram
939 1863 1033 1895 non
1061 1846 1240 1895 tenebit
1265 1862 1398 1895 suam
1430 1863 1441 1894 :

471 1940 582 1972 nam
607 1924 758 1974 credit
785 1924 914 1989 quod
941 1924 1084 1974 istum
1111 1925 1150 1973 si
1176 1923 1469 1990 deposuerit,

243 2000 305 2048 85
406 2006 589 2051 ceteros
614 2001 782 2050 leviter
805 2002 1167 2052 exhereditavit.

470 2078 690 2128 Attamen
715 2079 764 2127 in
789 2095 975 2129 cassum
992 2079 1122 2146 jurat
1145 2085 1194 2129 et
1217 2079 1420 2138 laborat,

404 2155 494 2206 sibi
520 2156 733 2206 inimicos
758 2163 937 2207 temere
959 2163 1206 2223 comparat
1230 2176 1240 2206 ε

471 2234 561 2284 hoc
585 2235 712 2284 enim
737 2236 950 2285 serviens
974 2235 1178 2302 perdere
1203 2252 1299 2284 non
1324 2234 1450 2284 valet

403 2311 689 2363 hereditario
714 2314 844 2379 quod
864 2314 971 2380 jure
995 2314 1226 2379 possidet.

241 2389 304 2437 90
470 2393 602 2440 Nunc
626 2392 769 2441 habet
794 2392 956 2442 odium
982 2392 1041 2442 de
1067 2391 1399 2450 servientibus,

401 2467 545 2517 habet
569 2474 617 2518 et
641 2470 703 2519 de
728 2470 855 2520 clero
880 2476 1023 2536 atque
1050 2471 1110 2520 de
1136 2470 1320 2520 civibus
1351 2488 1361 2518 ε

254 2626 289 2664 1.
315 2625 372 2664 Le
391 2630 513 2665 terme
532 2627 580 2666 de
600 2630 804 2668 haereticus
823 2630 918 2669 etait
937 2631 1114 2680 employe
1134 2631 1157 2668 a
1174 2634 1273 2668 cette
1293 2630 1439 2678 epoque
1459 2628 1556 2666 dans
1575 2639 1630 2665 un

205 2695 296 2723 sens
315 2685 390 2725 fort
407 2686 524 2737 large.
552 2689 586 2726 ΙΙ
605 2689 751 2728 semble
772 2690 956 2739 signifier,
979 2702 1129 2729 comme
1155 2691 1191 2728 le
1217 2695 1339 2728 terme
1363 2693 1547 2736 apostata,
1574 2699 1629 2725 un

206 2743 362 2783 homme
381 2747 566 2796 coupable
585 2747 633 2786 de
651 2750 931 2798 prevarication
950 2755 1081 2788 contre
1101 2750 1157 2787 les
1178 2749 1249 2787 lois
1271 2748 1421 2786 divines
1441 2758 1490 2786 ou
1509 2746 1629 2785 eccle-

205 2803 425 2855 siastiques.

252 2863 288 2902 2.
317 2864 451 2915 Comp.
474 2868 743 2914 Introduction,
766 2880 874 2907 num.
898 2870 956 2908 30.

1437 2929 1476 2965 11
