2092 3490
498 336 559 370 ‘226

500 428 592 474 357

497 738 589 783 358

495 1046 587 1093 359

493 1357 585 1404 360

490 1664 573 1710 361

488 2223 581 2271 362

486 2530 578 2576 363

485 2835 578 2883 364-

1130 334 1268 369 GESTA

855 426 1022 473 Comes
1048 423 1216 473 Montis
1240 424 1559 488 respondebat

789 501 917 565 quod
943 506 1106 549 contra
1131 516 1183 549 se
1207 500 1272 549 nil
1295 501 1470 550 fecerat

787 595 875 627 nec
899 577 959 626 de
983 577 1098 626 viris
1122 594 1243 642 quos
1267 584 1460 642 ceperat

787 672 874 704 nec
897 671 1017 723 quos
1041 655 1184 704 morti
1209 671 1314 704 sors
1338 654 1552 705 dederat.

850 732 984 783 Unde
1009 733 1149 781 offert
1166 732 1404 798 justiciam

785 826 872 876 per
897 826 1063 859 eorum
1088 810 1369 859 sententiam

785 888 866 952 qui
889 887 1128 953 utrimque
1153 887 1433 953 pepigerant

786 965 909 1014 inter
932 982 1015 1016 eos
1039 964 1358 1015 concordiam.

850 1042 1065 1092 Ostendit
1089 1042 1132 1090 ei
1158 1041 1463 1107 postmodum

783 1121 913 1185 quod
937 1126 1132 1170 venerat
1156 1122 1460 1170 Cameracum

784 1198 994 1247 oratione
1020 1198 1193 1247 civium

784 1275 844 1325 ad
869 1291 1035 1324 eorum
1059 1274 1320 1340 presidium

848 1352 929 1417 qui
954 1353 1127 1401 cesaris
1153 1352 1241 1401 sub
1266 1352 1454 1401 nomine

782 1435 1062 1480 monuerant
1086 1446 1136 1478 se
1159 1429 1321 1478 venire

711 1560 713 1563 ,
782 1509 1085 1558 Cameracum
1109 1506 1346 1556 custodire

781 1590 828 1633 et
852 1584 1108 1632 marchiam
1133 1583 1401 1632 defendere.

845 1661 980 1721 Quod
999 1661 1125 1727 juste
1150 1661 1315 1709 fecisse
1341 1677 1425 1710 sua

779 1744 978 1787 testatur
1003 1738 1284 1787 conscientia

780 1833 889 1866 cum
913 1817 1044 1881 sequi
1070 1833 1158 1881 per
1176 1815 1352 1882 judicia

778 1895 1004 1943 offeratur
1023 1893 1226 1959 justicia.

863 2063 945 2106 De
975 2063 1261 2107 taxatione
1292 2061 1512 2106 civium.

841 2223 966 2286 Ergo
991 2219 1316 2268 Flandriarum
1340 2234 1499 2267 comes

776 2296 866 2345 hoc
888 2296 1084 2345 audiens
1108 2295 1237 2359 quod
1262 2295 1477 2360 displicet

776 2379 824 2422 et
848 2373 976 2437 quod
999 2373 1167 2421 clamat
1190 2372 1328 2420 nichil
1354 2371 1567 2436 prodest,

776 2466 884 2500 cum
909 2449 1019 2498 odio
1043 2449 1246 2514 partitus
1271 2454 1360 2497 est.

839 2530 957 2576 Ecce
983 2525 1220 2576 Gameraci
1245 2525 1372 2590 cives

775 2603 835 2652 de
860 2603 1030 2668 placito
1055 2602 1343 2669 gratulantes

775 2681 903 2746 quod
927 2681 1050 2729 inter
1073 2681 1203 2745 ipsos
1229 2679 1423 2728 comites

774 2758 1036 2808 discordiae
1060 2773 1342 2806 conversum
1366 2762 1455 2814 est,

839 2839 1035 2900 propter
1058 2837 1347 2884 Montensem
1372 2830 1591 2881 comitem
