2092 3490
455 370 517 404 204
1086 369 1222 403 GESTA

456 461 509 510 2⁴
523 461 551 506 5
813 462 931 507 Ecce
956 457 1134 521 presul,
1162 460 1335 522 Symon
1363 475 1551 524 quoque

747 541 795 583 et
819 534 900 598 qui
925 533 1063 582 simul
1087 534 1263 583 affuere

748 610 927 659 seducti
952 615 1060 658 sunt
1085 615 1244 675 empta
1267 628 1384 676 pace

747 703 890 752 quam
915 686 1112 735 dederat
1135 690 1258 737 Deus
1283 694 1454 738 terrae.

455 768 508 817 24
523 768 551 813 6
814 764 1022 813 Gerardo
1048 781 1251 830 namque
1275 772 1463 816 mortuo

747 841 1055 890 descenderat
1081 859 1174 907 pax
1199 843 1258 892 de
1284 844 1384 892 celo
1425 898 1429 900 ,

745 925 795 967 61
819 919 1005 984 requies
1029 919 1077 967 in
1101 920 1279 984 populo

745 1012 913 1061 presso
938 996 1037 1062 ejus
1062 996 1287 1045 dominio.

455 1074 508 1122 2⁴
523 1074 551 1119 7
812 1073 1012 1122 Infantes
1038 1090 1153 1139 ergo
1178 1074 1370 1123 minime

745 1166 935 1198 necesse
960 1154 1062 1198 erat
1086 1150 1288 1200 reddere

747 1229 1008 1292 composita
1032 1244 1154 1276 nova
1179 1245 1296 1292 pace

745 1321 832 1369 per
856 1310 1097 1353 auctorem
1114 1305 1345 1370 justiciae.

739 1465 821 1508 De
853 1466 1028 1509 morte
1059 1465 1238 1521 Egidii
1271 1468 1337 1511 de
1369 1467 1573 1512 Cinnio.

456 1609 551 1658 218
812 1612 934 1657 Dum
959 1610 1025 1657 sic
1050 1610 1204 1675 agitur
1226 1610 1353 1674 apud
1375 1626 1479 1668 nos,

746 1685 915 1750 plurali
939 1686 1088 1734 fertur
1113 1686 1279 1735 nuntio

748 1763 878 1827 quod
903 1763 1046 1813 Gilius
1072 1763 1131 1812 de
1157 1763 1318 1812 Cinnio

747 1841 984 1889 mortuus¹
1013 1846 1086 1889 est
1110 1841 1157 1888 in
1181 1840 1382 1889 torni02.

505 1978 538 2013 1.
566 1977 674 2014 Dans
693 1977 728 2015 le
746 1989 819 2015 ms.
841 1989 891 2016 on
911 1978 956 2016 111
972 1979 1178 2016 au-dessus
1198 1979 1245 2016 de
1266 1979 1302 2015 la
1320 1978 1423 2026 ligne
1446 1990 1454 2016 :
1475 1983 1530 2016 vel
1549 1984 1712 2016 necatus.

504 2035 537 2072 2.
567 2035 678 2074 Voici
695 2047 760 2073 sur
781 2037 817 2075 la
835 2042 936 2075 mort
954 2037 1001 2075 de
1017 2037 1137 2075 Gilles
1156 2037 1203 2074 de
1217 2037 1315 2074 Ghin
1335 2048 1411 2074 une
1430 2037 1583 2075 version
1602 2037 1800 2075 differente
1819 2036 1867 2074 de
1907 2054 1911 2057 ·

457 2094 550 2131 celle
570 2094 616 2132 de
637 2095 785 2133 Gilhert
801 2097 846 2134 de
869 2097 995 2143 Mons,
1017 2097 1083 2146 qui
1103 2097 1160 2134 dit
1187 2108 1260 2146 que
1284 2096 1320 2134 le
1344 2096 1490 2134 celebre
1510 2096 1701 2134 chevalier
1725 2096 1784 2134 fut
1801 2098 1867 2134 tue

457 2156 499 2190 in
518 2156 680 2200 quadam
699 2166 837 2201 querra
850 2167 964 2202 quam
977 2168 1061 2193 cum
1074 2158 1163 2193 d'uce
1176 2158 1394 2193 Lovaniensi
1413 2157 1565 2193 habebat
1578 2167 1691 2193 comes
1703 2157 1866 2193 Namar-

457 2215 572 2250 censis
598 2212 771 2261 (Gisleb.,
799 2226 836 2262 p.
870 2215 966 2262 507).
999 2215 1055 2252 La
1086 2215 1297 2264 chronique
1324 2215 1372 2252 de
1401 2214 1617 2252 Gembloux
1644 2215 1749 2263 parle
1776 2216 1800 2253 ὲ.
1829 2214 1868 2253 la

457 2271 576 2309 verite
596 2272 710 2310 d'une
730 2284 865 2321 guerre
884 2275 950 2323 qui
969 2275 1090 2312 eclata
1110 2279 1217 2312 entre
1236 2286 1299 2312 ces
1319 2274 1419 2312 deux
1438 2274 1588 2322 princes
1608 2285 1658 2311 en
1675 2275 1780 2321 1136,
1795 2275 1818 2312 a
1831 2275 1868 2313 la

458 2330 558 2368 suite
583 2331 630 2368 de
654 2331 857 2369 differends
882 2333 1150 2370 relativement
1179 2333 1202 2370 a
1233 2333 1422 2371 l'election
1447 2333 1493 2370 de
1526 2333 1648 2370 l'abbe
1676 2333 1722 2370 de
1748 2333 1867 2371 66111-

458 2389 573 2428 bloux
606 2390 814 2439 (Sigebert.
855 2393 1002 2435 Gontin,
1043 2394 1235 2437 Gemblac„
1276 2404 1314 2440 p.
1350 2392 1452 2439 385);
1493 2392 1592 2429 mais
1622 2403 1673 2429 011
1707 2404 1757 2430 116
1787 2393 1868 2430 voit

458 2461 526 2497 pas
558 2455 752 2488 comment
783 2450 903 2488 611165
935 2451 981 2488 de
1013 2451 1115 2488 Chin
1146 2462 1168 2488 a
1199 2463 1250 2499 pu
1283 2454 1362 2488 etre
1394 2451 1495 2488 111616
1526 2451 1549 2488 ὲ
1582 2456 1680 2490 66116
1717 2463 1864 2500 guerre.

457 2510 514 2547 Le
540 2520 674 2547 roman
704 2521 753 2548 en
782 2521 866 2548 vers
892 2511 939 2548 de
968 2510 1088 2547 Gilles
1113 2510 1159 2547 de
1184 2511 1283 2548 Chin
1314 2511 1351 2548 16
1381 2511 1449 2548 fait
1472 2512 1619 2548 mourir
1651 2512 1740 2548 d’un
1769 2522 1867 2559 coup

459 2569 506 2606 de
536 2568 645 2607 lance
677 2570 699 2607 ὲ
727 2569 949 2608 Rollecourt
979 2581 1027 2607 ou
1052 2570 1266 2617 Roucourt‚
1302 2571 1388 2618 pres
1414 2570 1539 2607 Douai
1571 2570 1647 2618 (ed.
1677 2570 1724 2608 de
1755 2570 1868 2608 Reif-

459 2628 634 2676 fenberg,
661 2641 698 2677 p.
728 2629 809 2677 187,
836 2641 872 2666 v.
903 2629 995 2667 5512
1021 2629 1150 2677 suiv.)‚
1172 2634 1210 2667 61
1235 2629 1327 2667 c’est
1352 2629 1455 2666 aussi
1484 2640 1526 2667 ce
1550 2624 1666 2677 genre
1695 2629 1742 2666 de
1767 2634 1868 2667 mort

459 2688 679 2736 qu’indique
706 2687 910 2737 l'epitaphe
942 2688 1070 2737 placee
1102 2700 1168 2725 sur
1196 2689 1232 2725 le
1262 2689 1440 2726 tombeau
1469 2687 1516 2725 de
1542 2687 1662 2725 Gilles
1690 2688 1712 2725 a
1736 2689 1866 2726 Saint-

460 2747 639 2785 Guislain
661 2748 793 2796 (comp.
815 2748 902 2796 plus
921 2748 988 2786 bas
1008 2748 1045 2785 la
1063 2752 1153 2786 note
1173 2747 1300 2794 suiv.).
1329 2748 1443 2784 Enfin
1469 2747 1630 2784 l’auteur
1653 2747 1704 2784 du
1731 2757 1864 2784 roman

460 2817 509 2843 en
528 2818 651 2854 prose,
672 2807 803 2855 publie
821 2819 889 2855 par
908 2807 1053 2845 Chalon
1076 2808 1137 2854 (La
1153 2808 1362 2853 Chronique
1375 2809 1425 2843 du
1441 2808 1510 2844 bon
1523 2807 1704 2843 chevalier
1717 2809 1867 2843 messire

461 2868 570 2904 Gilles
589 2868 631 2903 de
651 2867 757 2909 chin,
780 2867 906 2914 Mons,
929 2866 1032 2912 1837,
1055 2866 1178 2913 in-8⁰‚
1200 2878 1236 2914 p.
1261 2866 1356 2911 193),
1386 2865 1441 2902 dit
1468 2865 1561 2913 qu'il
1579 2869 1734 2903 mourut
1751 2865 1864 2902 d’une

462 2928 580 2962 moult
598 2931 711 2971 qrant
730 2929 848 2972 fievre,
873 2931 907 2963 et
925 2938 1004 2972 ossy
1020 2937 1118 2972 pour
1138 2929 1186 2962 les
1205 2937 1320 2971 arans
1347 2936 1428 2972 cops
1453 2930 1485 2961 et
1513 2935 1712 2961 navreures
1740 2935 1809 2971 que
1835 2927 1865 2961 il
