2092 3490
0 818 10 1101 wv-we,

65 867 72 875 ι

244 453 337 501 ⁴95

244 763 338 811 196

244 1306 338 1365 ⁴9³7

236 1627 263 1685 ‚l
275 1628 337 1676 98

188 1986 189 1989 ,
244 1939 339 1987 199

241 2248 338 2299 200

211 2612 213 2614 ,
241 2560 328 2610 201

244 2871 341 2921 202

856 356 1041 389 NIGOLAL

601 448 698 498 Sub
722 447 890 497 eadem
913 462 1030 495 vero
1054 445 1130 495 die

438 527 449 534 ”
534 527 582 576 in
609 524 850 575 communi
874 524 996 573 facta
1019 540 1136 589 pace

535 623 564 654 a
585 603 777 670 presule
802 608 851 653 et
874 602 1047 652 comite

534 682 780 732 decretum
805 686 878 731 est
902 680 1007 730 illos
1031 697 1135 730 esse

602 760 684 825 qui
707 776 804 808 non
829 758 900 808 rei
925 758 986 808 de
1012 757 1222 808 Gerardo

535 837 851 888 morabuntur
875 837 924 886 in
950 836 1139 886 castello

537 934 624 967 nec
647 920 925 982 prementur
949 915 1010 964 ab
1035 915 1191 980 aliquo

537 1012 628 1061 pro
652 994 955 1044 exclusorum
980 991 1108 1042 odio.

539 1167 621 1211 De
653 1164 960 1210 redditione
993 1161 1363 1208 Sanctoherti.

604 1312 780 1377 Scripsi
804 1311 867 1361 de
892 1310 1090 1360 Gerardi
1117 1315 1273 1359 morte

536 1392 867 1440 inconservato
890 1389 1075 1448 ordine,

536 1469 597 1519 de
622 1468 701 1537 illo
718 1467 892 1517 ‘volens
916 1467 1072 1526 finire,

536 1563 650 1597 mox
674 1545 852 1596 reverti
877 1546 1142 1595 matteriae.

561 1684 571 1691 ,
600 1628 720 1675 Nam
744 1624 793 1672 in
820 1629 958 1673 nocte
981 1641 1075 1688 qua
1100 1623 1339 1674 Gerardus

537 1708 757 1752 recenter
778 1702 865 1751 fuit
891 1707 1131 1762 mortum,

536 1780 652 1829 viris
678 1779 1096 1831 Cameracensibus

537 1858 691 1909 adhuc
716 1858 1154 1907 condormientibus

603 1941 838 1986 venerunt
862 1936 1025 1985 vasalli
1052 1936 1165 1993 duo,

538 2014 729 2064 Tericus
755 2014 815 2063 de
839 2013 1070 2066 Waslerio

537 2098 586 2142 et
605 2091 848 2141 Amandus
873 2091 933 2140 de
958 2091 1128 2150 Dunio‚

538 2187 598 2219 ex
622 2169 824 2218 industri
851 2169 1065 2228 consilio,

602 2246 808 2295 ferentes
834 2246 990 2295 claves
1016 2247 1193 2311 presuli

536 2324 596 2373 de
624 2324 816 2373 castello
842 2324 1156 2384 Sanctoberti,

535 2407 590 2451 ut
613 2402 931 2451 redderentur
951 2401 1092 2467 'pueri

535 2497 628 2545 pro
653 2480 866 2530 Gerardo
891 2480 1147 2547 pignorati.

603 2557 744 2624 Cujus
769 2559 975 2607 celantes
1000 2558 1183 2607 obitum

537 2634 906 2700 co[n]venerunt
931 2636 1227 2701 episcopum,

537 2712 886 2762 dissimulantes
911 2713 1175 2763 Gerardum

538 2795 728 2856 captum
753 2807 877 2850 esse,
906 2808 1000 2840 non
1027 2797 1285 2839 mortuum.

605 2868 689 2929 Qui
717 2885 889 2935 magno
915 2869 1029 2918 artis
1054 2884 1227 2935 genere

1598 355 1656 390 201
