2092 3490
240 524 336 578 220

239 914 340 967 225,

826 357 1070 391 LIETHARDI.
1597 362 1654 397 167

433 445 665 495 sustinent
689 451 737 495 et
761 445 942 495 donant
966 446 1009 495 ei
1034 447 1280 497 consilium

434 529 659 590 rogantes
682 523 835 573 facere
862 542 1001 574 suum
1026 526 1236 576 officium
1263 544 1272 575 :

499 618 662 666 quem,
690 602 811 652 sicut
835 603 934 652 dixi
959 603 1006 652 in
1031 604 1188 669 primo
1213 605 1483 664 dictamine,

434 680 595 746 presul
614 680 857 746 juraverat
882 698 1082 746 prorsus
1107 682 1364 747 deponere.

499 758 663 807 Infelix
689 758 904 823 pontifex
928 759 1124 810 infestus
1150 761 1370 811 omnibus

436 852 544 885 ecce
569 836 810 886 invaditur
833 837 894 886 de
918 839 1078 888 multis
1103 838 1319 904 partibus
1349 859 1359 888 ε

502 919 666 980 aperte
686 914 892 964 fatentur
916 916 1047 965 illum
1071 917 1234 966 hostes
1259 917 1355 966 sui1

436 1009 532 1042 non
556 1009 759 1059 regnare
784 992 882 1051 diu,
911 993 951 1042 si
974 1000 1133 1059 potest
1157 994 1278 1043 fieri.

243 1170 520 1224 Quomodo
552 1169 886 1214 Liethardus
919 1170 1212 1225 episeopus
1245 1171 1320 1216 sit
1356 1171 1658 1226 depositus.

241 1571 337 1621 230

243 1958 340 2009 235

245 2345 342 2398 240

503 1333 708 1400 Contigit
734 1334 864 1399 quod
887 1334 1047 1384 Remis
1072 1334 1158 1383 ivit
1183 1335 1516 1395 commonitus,

437 1418 485 1461 et
508 1417 619 1478 post
643 1428 753 1461 eum
778 1412 936 1478 pergit
960 1412 1036 1462 ille
1061 1413 1335 1478 prepositus

503 1507 665 1539 secum
690 1489 913 1540 adhibitis
939 1491 1224 1556 quibusdam
1249 1492 1430 1541 clericis

439 1568 519 1634 qui
546 1567 791 1617 diffamant
812 1585 922 1618 eum
946 1568 1007 1617 de
1032 1569 1170 1635 culpa
1194 1569 1421 1628 heresis2‚

501 1652 549 1695 et
575 1645 635 1695 de
659 1646 1015 1711 prebendarum
1039 1647 1392 1697 venditionibus

438 1730 488 1773 et
512 1724 844 1789 aecclesiarum
870 1724 1229 1785 sacrationibus,

505 1802 565 1851 de
587 1802 761 1867 quibus
787 1802 936 1869 exigit
960 1808 1124 1868 aperte
1149 1820 1349 1853 munera

439 1885 488 1929 et
513 1879 814 1929 denominata
839 1880 997 1945 querit
1023 1881 1231 1930 servitia.

505 1959 738 2006 Accusant
762 1957 905 2007 etiam
929 1957 989 2007 de
1014 1959 1104 2007 hoc
1130 1959 1428 2025 episcopum,

440 2052 500 2084 ex
525 2035 723 2084 avaritia
747 2035 923 2101 ubique
949 2037 1208 2103 cognitum,

507 2113 638 2178 quod
663 2114 843 2163 nullum
866 2114 1035 2180 recipit
1058 2115 1119 2164 ad
1144 2115 1453 2180 penitentiam

440 2191 500 2241 de
525 2208 622 2256 quo
646 2197 933 2257 extorquere
958 2193 1111 2258 possit
1134 2194 1405 2259 pecuniam.

505 2272 572 2318 De
596 2275 731 2318 tanto
756 2270 922 2337 exlege
948 2270 1072 2320 facto
1098 2271 1324 2337 episcopo

443 2346 606 2396 dicunt
630 2364 772 2398 omne
797 2348 975 2398 malum
1000 2349 1376 2415 archiepiscopo,

509 2425 644 2474 obliti
670 2425 730 2475 ad
755 2426 945 2492 plenam
970 2426 1096 2477 ferre
1121 2427 1402 2476 memoriam

441 2507 593 2552 totam
613 2503 740 2554 vitae
765 2521 877 2554 suae
903 2510 1066 2554 notam
1089 2505 1335 2554 malitiam.

508 2579 580 2629 Ad
601 2597 744 2644 quem
764 2581 1119 2648 deponendum,
1139 2583 1179 2632 si
1198 2583 1305 2648 plus
1324 2599 1418 2631 non
1439 2582 1668 2641 dicerent,

297 2764 329 2801 1.
359 2763 418 2801 En
439 2764 530 2802 1134
548 2779 555 2800 :
579 2775 643 2802 car
661 2776 704 2803 ce
725 2765 783 2803 fut
803 2777 852 2803 en
869 2766 1020 2815 janvier
1041 2767 1147 2815 1135,
1170 2778 1321 2805 comme
1342 2778 1440 2805 nous
1459 2766 1495 2805 le
1514 2777 1672 2805 verrons

251 2822 337 2872 plus
357 2823 424 2860 bas
445 2824 493 2869 (v.
516 2824 611 2871 335),
635 2836 710 2873 que
728 2824 886 2863 Lietard
908 2826 1035 2875 quitta
1054 2826 1246 2864 Cambrai.

296 2883 332 2920 2.
360 2882 493 2932 Comp.
517 2883 603 2932 plus
623 2884 718 2922 haut
737 2896 772 2922 v.
795 2886 854 2923 67.
