2092 3490
769 339 1031 373 BURGHARDI.
1052 339 1076 372 1.
1573 345 1631 379 115

213 431 422 482 rumoris
453 429 602 479 odore
636 446 726 494 pro
761 446 923 478 amore
957 435 1157 494 paterno
1194 430 1241 478 in
1275 430 1375 496 ejus
1410 432 1634 483 nimirum

213 510 449 560 animatur
465 507 659 558 auxilio.
687 509 837 567 Quem
855 507 964 557 ideo
982 507 1200 573 protinus
1219 507 1496 558 mandatum
1515 511 1635 561 suis-

212 604 306 654 que
332 585 500 636 litteris
523 585 778 644 munitum,
808 602 918 635 cum
939 585 1065 634 bona
1090 601 1175 651 spe
1200 590 1249 634 et
1272 586 1441 652 grandi
1456 575 1634 637 ’fiducia

212 663 549 730 recuperandi,
597 663 774 713 domno
817 663 1081 712 transmisit
1123 680 1247 728 pape
1287 664 1480 713 Pascali.
1527 669 1636 716 Mox

210 747 441 810 operante
465 745 563 792 Deo
589 747 638 791 et
661 741 1004 807 archiepiscopi
1028 741 1323 801 testimonio,
1362 742 1509 792 immo
1534 743 1636 810 ejus

211 821 425 879 consili0,
453 820 582 886 apud
607 820 766 885 ipsum
791 836 967 886 papam
985 820 1223 869 Pascalem
1248 820 1480 884 quesitam
1504 821 1636 871 inve-

211 899 283 948 nit
311 898 515 966 gratiam
544 903 593 947 et
622 897 1043 947 misericordiam¹.
1082 900 1437 962 Reversumque
1469 917 1496 947 a
1527 916 1636 965 pre-

211 977 364 1027 sentia
396 993 521 1042 pape
560 974 688 1024 idem
722 974 1106 1040 archiepiscopus
1140 975 1343 1041 benigne
1376 977 1557 1042 recepit
1589 983 1638 1027 et

211 1059 441 1121 precepto
466 1053 681 1120 ejusdem
704 1052 952 1118 apostolici
976 1053 1026 1101 in
1051 1053 1241 1102 nomine
1266 1054 1453 1103 Domini
1485 1054 1638 1120 pridie

212 1148 361 1182 nonas
382 1130 529 1198 junii2
559 1130 901 1179 honorabiliter
930 1129 1093 1179 Remis
1125 1131 1467 1180 consecravitss.
1501 1132 1639 1180 Deni-

212 1227 306 1276 que
321 1209 630 1259 confirmatus
645 1207 692 1256 in
713 1207 971 1274 pontificali
990 1209 1201 1273 potentia
1218 1209 1456 1259 Cameraci
1475 1226 1640 1275 recep-

211 1294 290 1338 tus
315 1292 388 1337 est
411 1303 523 1336 cum
545 1286 730 1335 honore
755 1285 917 1336 debito
949 1291 997 1335 et
1026 1287 1224 1336 solemni
1251 1287 1427 1347 leticia,
1457 1288 1640 1354 positus

213 1383 242 1414 a
265 1366 421 1432 legato
445 1369 606 1414 sancte
631 1364 912 1430 metropolis
938 1364 985 1412 in
1012 1365 1240 1430 pastorali
1266 1366 1507 1415 cathedra.

280 1452 334 1496 3.
389 1451 442 1496 In
477 1447 636 1513 primo
670 1447 815 1515 igitur
851 1464 992 1497 curae
1028 1449 1278 1513 pastoralis
1315 1449 1505 1516 negotio
1538 1450 1641 1515 ipse

214 1525 516 1577 Burchardus
540 1525 753 1591 pontifex
768 1525 1063 1591 praefectus4
1081 1544 1109 1575 a
1124 1527 1341 1586 Domino,
1364 1528 1495 1578 venit
1518 1527 1642 1576 inter

215 1604 467 1655 canonicos
492 1604 615 1654 sicut
638 1609 776 1670 pater
800 1603 925 1653 inter
947 1603 1093 1664 filios,
1125 1604 1247 1654 sicut
1271 1605 1494 1655 dominus
1518 1605 1642 1654 inter

214 1699 400 1743 servos,
427 1682 548 1732 sicut
571 1682 800 1749 magister
824 1682 948 1731 inter
967 1682 1250 1748 discipulos;
1277 1683 1439 1748 sicque
1458 1683 1642 1732 locutus

214 1767 288 1810 est
312 1761 372 1810 ad
399 1777 482 1810 eos
512 1778 522 1809 :
554 1761 818 1820 Karissimi,
849 1767 1023 1826 oportet
1049 1778 1156 1820 nos,
1186 1763 1266 1826 qui
1295 1778 1435 1826 super
1463 1762 1643 1811 domum

215 1839 308 1888 Dei*
334 1839 590 1904 episcopale
622 1841 904 1904 suscepimus
937 1841 1267 1898 ministerium,
1304 1857 1361 1888 ne
1392 1840 1644 1888 dormitan-

217 1917 336 1966 tibus
361 1917 490 1966 nobis
516 1917 702 1966 silentio
726 1916 1029 1966 subtrahatur
1055 1934 1084 1966 a
1111 1918 1236 1966 vobis
1260 1918 1380 1983 quod
1405 1918 1643 1967 animabus

214 1997 381 2044 vestris
404 1996 468 2043 sit
492 1996 821 2044 necessarium.
851 1994 920 2043 Ad
949 1994 1031 2044 hoc
1053 1996 1171 2044 enim
1198 1997 1463 2045 transmissi
1487 2011 1643 2044 sumus

216 2088 245 2122 a
275 2072 466 2122 Domino
497 2080 544 2122 et
575 2089 604 2121 a
637 2079 792 2122 nostro
826 2074 1090 2137 mayisterio
1126 2075 1344 2138 quatinus
1380 2089 1409 2121 a
1439 2073 1567 2122 nobis
1601 2080 1667 2121 et·

210 2167 361 2216 prava
379 2153 673 2216 corriyantur
689 2158 733 2200 et
747 2151 980 2200 salutaria
997 2151 1308 2216 predicentur.
1340 2150 1470 2199 Vobis
1489 2152 1644 2216 itaque

266 2324 302 2361 1.
329 2322 510 2362 L’auteur
530 2324 726 2372 supprime
746 2324 796 2362 ici
821 2324 1020 2372 beaucoup
1040 2323 1087 2361 de
1107 2322 1248 2361 details
1267 2323 1471 2372 consignes
1492 2323 1588 2361 dans
1609 2324 1645 2360 la

219 2384 385 2423 seconde
403 2384 481 2422 Vie
500 2383 548 2422 de
566 2383 779 2423 Burchard.

265 2443 301 2481 2.
330 2443 385 2481 Le
404 2443 426 2480 4
443 2443 547 2492 juin,
568 2444 592 2481 a.
611 2443 649 2482 la
669 2443 745 2481 fete
765 2443 811 2482 de
824 2444 863 2482 S.
883 2444 1037 2494 Quirin,
1057 2445 1158 2482 ainsi
1178 2444 1272 2493 qu’il
1292 2449 1350 2482 est
1370 2443 1529 2493 mar-que
1549 2443 1643 2480 dans

217 2501 255 2540 la
269 2502 434 2541 seconde
447 2502 525 2541 Vie
548 2505 625 2551 (str.
644 2503 716 2551 88).
738 2503 921 2542 L’auteur
940 2504 988 2542 de
1007 2505 1044 2542 la
1055 2504 1224 2543 Version
1237 2503 1424 2550 franceise
1438 2503 1528 2541 s’est
1546 2502 1645 2540 donc

218 2563 368 2612 trompe
386 2562 559 2612 lorsqu’il
578 2575 602 2601 a
622 2563 678 2601 dit
696 2575 771 2613 que
797 2563 835 2602 13
859 2564 1125 2603 consecration
1154 2564 1201 2603 de
1226 2563 1426 2602 Burchard
1456 2573 1495 2600 se
1524 2562 1567 2599 fit
1595 2573 1643 2599 au

217 2622 317 2661 mois
336 2622 384 2661 de
402 2625 503 2661 Jalle
526 2623 575 2671 (p.
598 2623 680 2671 521,
702 2635 744 2662 n.
767 2624 841 2673 33).
1654 2671 1656 2677 ,

266 2682 302 2720 3.
329 2682 438 2721 Cettc
458 2682 722 2721 consecration
740 2688 807 2722 eut
826 2684 906 2723 lieu
926 2695 974 2722 en
997 2685 1090 2723 1116
1102 2714 1112 2732 ,
1133 2694 1284 2722 comme
1303 2693 1354 2720 on
1373 2686 1466 2731 peut
1490 2681 1525 2719 le
1550 2691 1642 2719 con-

219 2741 324 2780 clure
343 2742 391 2780 de
410 2753 453 2781 ce
473 2743 540 2792 qui
558 2747 619 2780 est
637 2743 694 2781 dit
713 2743 800 2792 plus
820 2745 918 2783 haut
936 2745 958 2782 a
977 2744 1015 2782 la
1034 2744 1088 2781 fin
1108 2744 1159 2781 du
1180 2744 1241 2781 ch.
1266 2744 1283 2780 1
1307 2747 1345 2780 et
1364 2753 1514 2780 comme
1534 2741 1563 2778 il
1584 2745 1643 2779 est

220 2800 381 2851 marque
400 2801 690 2851 expressement
708 2802 805 2841 dans
824 2803 1006 2842 Lambert
1026 2803 1073 2842 de
1091 2802 1288 2841 Watrelos
1311 2803 1358 2850 (p.
1383 2801 1477 2849 513).

268 2863 303 2899 4.
327 2861 434 2899 Dans
454 2861 490 2900 le
509 2873 582 2900 ms.
601 2863 795 2908 perfectus.
