2092 3490
236 587 297 634 ⁴7

236 898 296 970 1⁸

237 1208 297 1256 ⁴9

235 1522 298 1572 20

235 1833 290 1885 2⁴

236 2145 301 2197 22

237 2460 300 2510 23

759 337 1019 372 BURGHARDI.
1041 339 1065 370 1.

495 430 756 488 lucrantur,
785 434 993 494 querunt
1016 444 1212 478 munera

497 524 778 573 quacunque
802 513 1004 573 possunt
1026 507 1192 573 gratia.

560 584 756 651 Argenti
779 584 922 634 lucris
947 583 1126 633 inhiant

495 669 542 711 et
567 662 739 712 horrea
762 662 1066 729 magnificant

497 746 544 790 et
567 741 727 790 omnia
750 758 872 806 quae
897 746 1190 807 congregant

497 818 747 884 dupliciter
770 818 1100 884 multiplicant.

561 897 636 947 Sic
661 897 945 963 computatis
970 897 1213 946 mensibus

496 974 544 1023 in
568 974 768 1024 modicis
792 974 1092 1040 temporibus

497 1069 666 1102 census
692 1058 966 1102 accrescunt
991 1052 1209 1102 censibus

497 1136 545 1179 et
569 1147 768 1180 munera
792 1130 1087 1180 muneribus,

561 1211 680 1258 Ecce
706 1208 843 1258 dolor
869 1214 942 1257 est
967 1208 1140 1258 nimius

498 1290 544 1334 et
569 1286 713 1335 timor
738 1287 786 1334 in
809 1287 1080 1337 hominibus

471 1410 473 1413 ,
498 1364 627 1428 quod
653 1364 734 1429 qui
759 1364 873 1413 boni
898 1371 1009 1414 sunt
1034 1365 1255 1430 primitus

497 1441 584 1491 hos
610 1442 839 1507 depravat
864 1442 1098 1492 diabolus,

563 1525 694 1570 Nunc
718 1521 930 1570 ditantur
953 1520 1230 1571 muneribus

499 1605 544 1648 et
571 1599 754 1666 argenti
778 1599 1090 1665 ponderibus,

497 1676 791 1727 delectantur
813 1677 862 1726 in
888 1678 1100 1727 vestibus

499 1760 547 1804 et
570 1755 618 1804 in
644 1755 762 1805 cibis
783 1761 832 1804 et
852 1756 1063 1821 potibus.

563 1833 637 1881 Hii
662 1850 778 1900 ergo
803 1834 884 1898 qui
910 1834 978 1883 sic
1002 1833 1194 1892 faciunt,

499 1910 674 1960 divitiis
700 1917 747 1960 et
772 1911 972 1961 affluunt

499 1988 713 2054 profecto
738 2006 835 2038 non
861 1989 1091 2039 obediunt

498 2068 731 2133 prophete
756 2086 784 2116 a
808 2085 903 2133 quo
925 2068 1124 2118 audiunt

565 2146 801 2211 frequenti
829 2146 1156 2196 exhortamine

499 2223 547 2272 in
574 2224 756 2289 psalmo
782 2230 946 2273 sancto
972 2224 1128 2274 dicere
1159 2242 1180 2289 :¹
1228 2236 1231 2237 ’

497 2304 540 2351 si
566 2303 756 2367 affluunt
780 2303 988 2362 divitiae,

499 2380 639 2430 nolite
665 2397 742 2430 cor
767 2381 1035 2446 apponere&

565 2459 918 2509 Werimboldus
943 2464 1198 2524 propterea

501 2552 586 2594 sua
610 2536 796 2586 favente
821 2536 993 2586 femina

500 2613 591 2663 sibi
617 2615 808 2681 suisque
833 2615 1031 2681 propria

500 2694 686 2758 paravit
711 2693 909 2742 edificia.

257 2866 290 2902 1.
318 2867 375 2902 Ps.
398 2863 507 2913 LXI,
530 2865 587 2902 11.

1564 341 1620 375 125
