2092 3490
769 338 1031 372 BURGHARDI.
1055 341 1077 371 Ι.
1575 343 1633 377 117

216 437 319 480 tum
344 430 508 479 nolens
533 431 704 479 inferre
730 429 1090 489 detrimentum,
1120 430 1322 480 redemit
1354 447 1410 480 ea
1439 432 1499 481 de
1523 449 1635 498 pos-

217 508 426 558 sessione
451 508 651 557 aliorum
676 507 968 556 reddituum.

279 589 336 633 5.
369 589 452 632 De
480 588 902 642 recuperatione
925 588 1071 632 Novi
1097 588 1339 633 castelli.
1365 615 1431 624 —
1452 590 1518 636 De
1544 588 1634 636 alio

215 662 390 713 damno
431 668 652 728 preterea
692 662 822 728 quod
860 662 1010 711 multo
1049 668 1265 727 tempore
1306 680 1445 728 passa
1485 664 1635 714 fuerat

215 738 829 798 Cameracensis‘aecclesia,
861 740 1037 790 scilicet
1055 740 1114 789 de
1131 745 1263 790 Novo
1283 741 1481 790 Castello
1506 748 1554 791 et
1576 742 1636 791 de

215 818 497 877 castellania,
525 818 772 868 consilium
798 818 956 883 querit
980 818 1231 884 episcopus
1251 836 1277 866 a
1296 819 1394 867 suis
1417 819 1636 870 fidelibus

214 896 536 961 auxiliumque
578 896 803 961 postulat.
857 896 1053 945 Miratur
1093 896 1218 945 enim
1260 902 1308 944 et
1350 914 1442 945 non
1485 904 1637 947 cessat

214 973 432 1022 meditari
458 991 554 1038 quo
579 973 731 1039 magis
757 973 946 1039 ingenio
970 973 1083 1021 illud
1110 973 1336 1022 damnum
1360 974 1637 1024 mirabiliter

215 1051 497 1116 impeditum
535 1056 699 1116 posset
739 1051 973 1116 expediri.
1018 1050 1207 1099 Tercius
1245 1051 1372 1099 enim
1408 1053 1637 1102 Henricus

215 1129 476 1194 imperator
495 1129 812 1178 castellaniam
832 1129 1070 1178 Cameraci
1087 1132 1367 1193 Novumque
1387 1131 1638 1180 Castellum

164 1217 166 1219 ’
216 1207 425 1258 secundo
443 1208 654 1257 Roberto
680 1206 841 1255 comiti
861 1206 1184 1255 Flandriarum
1204 1206 1316 1255 olim
1341 1215 1638 1258 concesserat

215 1285 323 1334 ideo
347 1285 692 1351 possidendum
717 1291 770 1333 ut
794 1285 1071 1350 episcopum
1093 1298 1247 1342 suum,
1269 1302 1413 1350 quem
1429 1286 1638 1335 mitteret

214 1363 342 1429 apud
361 1366 685 1422 Cameracum,
708 1363 960 1429 diligenter
972 1363 1242 1421 sustineret,
1266 1370 1315 1412 et
1332 1370 1527 1421 terram,
1545 1382 1637 1429 que

215 1441 275 1491 ad
298 1432 502 1508 regnum
528 1458 665 1491 suum
686 1441 908 1507 pertinet,
931 1441 1117 1490 fidelius
1136 1442 1440 1491 custodiret¹.
1470 1445 1638 1492 Comes

215 1521 375 1585 itaque
392 1520 629 1570 Robertus
644 1520 692 1568 in
712 1536 856 1568 manu
876 1536 959 1568 sua
979 1520 1220 1568 castellum
1238 1520 1406 1579 tenuit,
1436 1527 1483 1569 et
1502 1524 1638 1587 Hugo

215 1598 276 1647 de
300 1597 580 1664 Osgiacho²‚
617 1598 742 1647 filius
769 1598 978 1663 Hugonis
1004 1598 1238 1646 castellani
1265 1599 1633 1657 Cameracensis,

216 1676 533 1726 castellaniam
556 1676 683 1724 illam
709 1694 736 1724 a
762 1676 935 1725 comite
965 1676 1052 1724 sibi
1086 1692 1358 1724 concessam
1388 1677 1567 1740 recepit
1592 1683 1638 1725 et

215 1753 417 1820 provide
442 1754 531 1803 sibi
556 1754 819 1803 hominium
844 1754 1035 1812 faciens,
1065 1754 1338 1802 fidelitatem
1358 1754 1519 1802 comiti
1539 1771 1638 1803 ser—

215 1847 328 1879 vare
340 1830 534 1896 juravit.
559 1832 726 1880 Comes
746 1848 835 1896 pro
855 1831 1121 1897 hujusmodi
1144 1831 1313 1879 crebro
1334 1833 1637 1880 Cameracum

215 1908 457 1967 veniebat,
489 1909 904 1958 Cameracensibus
930 1909 1176 1957 conferens
1198 1909 1422 1958 auxilium
1445 1910 1525 1958 ubi
1557 1927 1639 1958 ne-

215 1975 410 2035 cessitas
434 1985 670 2052 exigebat.
700 1986 790 2035 Sed
819 1986 953 2035 brevi
971 1987 1138 2035 vivens
1156 1993 1373 2052 tempore
1395 1987 1638 2052 profectus

216 2069 289 2114 est
328 2063 490 2114 Meldis
533 2065 742 2130 quodam
782 2065 856 2113 die
897 2065 1054 2114 subito
1094 2066 1331 2115 extinctus
1371 2067 1471 2116 est3
1516 2067 1640 2115 inter

266 2196 299 2233 1.
330 2195 463 2245 Gomp.
486 2196 573 2244 plus
593 2195 687 2233 haut
707 2197 798 2233 Gest.
824 2197 1005 2240 Galcheri‚
1031 2202 1096 2233 str.
1120 2196 1201 2235 528.

263 2255 298 2294 2.
326 2256 487 2306 Hugues
506 2256 546 2293 II
565 2255 713 2305 d'Oisy,
744 2256 804 2293 fils
834 2256 880 2294 de
908 2257 1068 2306 Hugues
1085 2257 1157 2306 '1⁸¹3
1189 2257 1331 2307 epousa
1356 2258 1562 2296 Heldriade
1591 2271 1640 2296 ou

217 2314 411 2354 Hedriade
430 2313 621 2364 (DipIOme
639 2316 686 2354 de
704 2316 972 2354 confirmation
991 2317 1037 2354 de
1058 2317 1095 2354 la
1114 2317 1314 2356 fondation
1335 2318 1381 2355 de
1404 2318 1574 2367 l’abbaye
1594 2319 1640 2356 de

218 2374 420 2413 Vaucelles
440 2385 508 2424 par
526 2376 691 2424 Hugues
707 2376 746 2413 II
768 2376 902 2425 d’Oisy
922 2381 960 2414 et
979 2377 1199 2415 Heldriade.
1223 2378 1409 2425 Miraeus,
1439 2379 1502 2425 Op.
1531 2381 1637 2426 dipl„

216 2439 242 2472 t.
266 2434 338 2482 III,
361 2447 398 2483 p.
422 2435 497 2483 37),
518 2435 635 2484 qu'on
655 2435 711 2473 dit
730 2436 836 2474 avoir
860 2436 920 2474 ete
947 2448 1050 2474 soeur
1075 2437 1222 2475 d'Isaac
1246 2438 1294 2475 de
1314 2438 1495 2476 Baudour
1519 2450 1568 2475 ou
1595 2438 1641 2476 de

217 2494 330 2532 Mons
351 2494 419 2542 (Le
439 2494 676 2543 Garpentier',
701 2498 792 2534 Hist.
815 2499 857 2534 de
878 2498 1070 2543 Cambrai,
1100 2503 1128 2536 t.
1151 2498 1188 2546 1,
1218 2503 1312 2547 part.
1341 2499 1379 2547 Ι,
1409 2510 1445 2547 p.
1467 2499 1573 2545 235),
1604 2504 1643 2535 et

218 2564 285 2602 par
304 2553 545 2603 consequent
564 2559 669 2593 tante
689 2555 736 2593 de
757 2556 928 2606 l’eveque
949 2557 1126 2604 Nicolas,
1148 2558 1242 2595 dont
1261 2558 1316 2596 les
1337 2558 1456 2596 Actes
1476 2569 1516 2595 se
1536 2563 1642 2595 trou-

217 2617 307 2651 vent
327 2613 349 2651 ὲ
369 2613 406 2651 le.
426 2613 480 2650 fin
500 2613 547 2651 de
569 2620 678 2652 notre
699 2614 918 2654 document.
949 2616 1037 2654 Une
1057 2618 1281 2666 expression
1301 2618 1367 2665 qui
1388 2617 1536 2654 revient
1555 2616 1643 2665 plu-

219 2672 341 2711 sieurs
366 2673 439 2711 fois
461 2673 557 2710 dans
577 2685 640 2712 ces
660 2674 779 2712 Actes
814 2676 998 2714 confirme
1024 2677 1059 2714 le
1085 2677 1155 2714 fait
1180 2677 1226 2713 de
1253 2676 1289 2714 la
1314 2676 1455 2724 proche
1487 2676 1643 2724 parente

220 2736 328 2770 entre
357 2733 394 2770 la
422 2733 562 2771 femme
591 2733 638 2771 de
666 2735 826 2783 Hugues
855 2736 893 2772 II
923 2736 1058 2785 d'Oisy
1087 2742 1126 2773 et
1155 2737 1310 2774 Nicolas
1342 2738 1442 2784 (Gest.
1476 2738 1640 2780 Nicolai‚

222 2796 288 2829 str.
312 2791 396 2839 202,
417 2793 501 2839 247,
522 2792 606 2839 252,
621 2792 703 2839 268,
721 2794 819 2841 272),
839 2795 905 2843 qui
922 2801 980 2832 est
993 2795 1045 2832 du
1061 2801 1160 2833 reste
1173 2796 1344 2832 affirmee
1358 2797 1645 2844 expressement

221 2862 289 2900 par
310 2852 490 2889 Lambert
509 2852 556 2889 de
576 2852 775 2891 WVatrelos
799 2857 932 2902 (comp.
957 2857 1065 2902 ibid„
1088 2861 1176 2892 note
1195 2856 1216 2892 a
1239 2855 1272 2891 la
1294 2861 1360 2892 str.
1383 2855 1479 2903 202).

270 2913 303 2949 3.
334 2911 426 2950 L'an
459 2914 545 2950 1116
569 2915 718 2959 (Annal.
742 2916 965 2960 Aqm'cinct„
991 2927 1026 2962 p.
1059 2916 1139 2953 504.
1172 2937 1214 2942 —
1243 2915 1437 2953 Lambert.
1463 2915 1642 2957 Watrel.,
