2092 3490
758 353 1017 387 BURGHARDI.
1040 354 1066 385 1.
1563 357 1621 390 139

497 444 617 494 sicut
643 447 844 492 matrem
871 443 937 492 sic
960 443 1168 501 viduam,

498 528 552 572 ut
575 521 726 570 filium
750 526 799 570 et
821 520 967 570 filiam

498 600 564 650 ita
588 599 906 666 alienigenam.

207 681 290 730 121
565 677 759 727 enititur
784 677 1021 744 colligere,

498 756 734 815 venerari,
763 756 977 822 diligere,

499 834 759 894 sublimari,
790 834 1039 899 preficere,

500 912 751 970 consolari,
781 911 1050 960 defendere,

208 993 301 1044 122
566 990 797 1055 Exemplo
823 989 961 1055 hujus
986 989 1090 1038 laici

501 1068 718 1117 conversi
745 1072 856 1116 sunt
881 1083 1024 1132 quam
1050 1067 1239 1132 plurimi

499 1147 580 1212 qui
607 1146 714 1195 facti
741 1150 852 1194 sunt
877 1151 958 1194 aut
982 1146 1201 1195 monachi

500 1230 581 1274 aut
604 1223 861 1273 heremitae
887 1223 1073 1288 optimi.

209 1305 300 1356 123
564 1302 795 1368 Exemplo
822 1302 985 1350 uxoris
1010 1319 1121 1351 suae

501 1397 730 1431 converse
756 1385 866 1430 sunt
891 1386 939 1428 et
961 1380 1163 1429 feminae

500 1466 599 1509 tam
623 1458 833 1525 virgines
859 1475 1003 1524 quam
1027 1458 1196 1508 viduae

500 1553 588 1586 suo
612 1536 828 1585 viventes
851 1541 1086 1601 tempore.

208 1615 301 1668 ⁴24
500 1615 589 1674 Qui
614 1615 755 1664 etiam
782 1614 955 1664 sanctis
981 1615 1133 1664 ornati
1162 1614 1375 1663 moribus

434 1692 694 1742 creduntur
720 1692 880 1742 vivere
899 1692 999 1759 jam
1023 1693 1071 1741 in
1097 1692 1362 1741 celestibus.

435 1770 510 1821 Sic
534 1771 663 1820 enim
687 1772 734 1819 in
759 1772 900 1820 terris
925 1771 1149 1820 vixerunt
1174 1770 1448 1836 simpliciter

434 1849 564 1914 quod
590 1849 694 1898 illos
720 1849 883 1898 vivere
909 1849 1053 1898 credo
1078 1849 1399 1914 perhenniter.
1426 1849 1594 1898 Amen.

278 2009 366 2052 11.
404 2008 538 2054 Nunc
569 2005 628 2054 ad
660 2005 988 2054 Burchardum
1022 2010 1322 2054 revertamur
1352 2005 1630 2070 episcopum

116 2116 120 2121 ·
206 2084 267 2134 de
288 2084 463 2149 illoque
487 2088 708 2132 nostrum
733 2083 1046 2148 proloquatur
1071 2083 1330 2132 oraculum.
1367 2085 1481 2133 Cum
1515 2100 1630 2149 ergo

206 2162 418 2228 pontifex
443 2160 841 2210 animadverteret
873 2160 920 2208 in
952 2161 1083 2226 pacis
1109 2160 1266 2226 quiete
1291 2166 1470 2209 terram
1495 2178 1630 2210 suam

205 2239 446 2305 posuisse,
488 2239 644 2289 subito
680 2238 875 2304 quidam
912 2238 1049 2287 miles
1086 2238 1146 2287 de
1181 2238 1395 2297 Stabaih,
1440 2239 1630 2287 nomine

207 2317 468 2375 Gerardus,
509 2316 646 2366 alieni
683 2322 914 2382 appetens
954 2317 1121 2381 suique
1163 2316 1409 2382 profusus,
1452 2322 1631 2365 terram

206 2395 327 2444 hanc
346 2397 732 2445 cameracensem
754 2394 1007 2443 crudeliter
1027 2395 1197 2443 invasit
1221 2400 1269 2443 et
1295 2395 1427 2444 villas
1453 2412 1546 2459 que
1571 2395 1631 2443 de

206 2489 366 2524 werra
390 2472 627 2522 castellani
653 2478 981 2522 remanserant
1005 2489 1155 2538 usque
1175 2473 1235 2522 ad
1253 2476 1438 2522 Novum
1458 2473 1632 2522 Castel-

206 2549 306 2600 lum
336 2556 385 2599 et
414 2550 536 2599 ultra
568 2567 736 2600 omnes
768 2550 1005 2600 destruxit
1037 2556 1084 2600 et
1115 2550 1325 2600 funditus
1355 2550 1627 2616 extirpavit.

206 2627 373 2677 Milites
398 2628 527 2677 enim
549 2628 609 2677 dc
625 2629 908 2678 Ostrevanth
927 2628 987 2677 ad
1007 2628 1166 2677 omnia
1184 2635 1340 2677 terrae
1363 2628 1500 2694 hujus
1519 2644 1632 2676 con-

208 2706 437 2755 sumenda
467 2711 515 2754 et
546 2705 745 2755 delenda
777 2706 949 2756 cotidie
981 2707 1299 2756 confluebant.
1342 2709 1505 2771 Itaque
1534 2712 1633 2754 tam

208 2781 405 2830 terribili
431 2787 478 2831 et
503 2788 601 2831 tam
626 2783 904 2832 intolerabili
932 2784 1106 2833 malitia
1132 2783 1385 2848 episcopus
1405 2788 1452 2831 et
1468 2784 1633 2832 Came-

209 2875 427 2908 racenses
446 2859 740 2919 circumdati,
764 2861 950 2910 nemine
969 2867 1147 2910 terram
1171 2861 1470 2919 defendente,
1495 2859 1633 2908 nimi-
