2092 3490
460 367 522 401 Qffl

463 534 556 581 387

465 764 557 810 388

467 1071 558 1116 389

467 1378 559 1424 390

468 1684 551 1730 394

467 1991 562 2039 392

468 2298 560 2344 393

470 2603 562 2652 394

1092 358 1229 392 GESTA

754 456 862 499 ante
887 464 1020 498 suam
1044 447 1331 511 presentiam

819 524 1054 575 concessis
1078 523 1229 572 firmis
1252 524 1415 573 treviis

754 604 813 652 de
838 602 1057 651 omnibus
1081 600 1280 649 inimicis

755 696 905 746 prope
930 678 1204 743 longe[que]
1232 677 1416 742 positis,

819 763 871 806 ut
894 756 1082 821 cognito
1106 755 1210 804 illos
1231 755 1355 820 juste

756 833 1040 883 imbannitos
1064 832 1276 881 extitisse

750 911 848 976 jam
873 909 1069 974 profecti
1093 908 1327 957 tutissime

755 988 844 1037 tuti
870 993 1067 1053 possent
1091 992 1138 1034 et
1163 985 1336 1034 redire.

820 1065 958 1129 Apud
984 1064 1364 1112 archidiaconum

756 1143 870 1191 dant
894 1142 1021 1190 cives
1045 1140 1366 1190 vadimonium

757 1219 990 1269 subeundi
1010 1218 1239 1284 judicium

755 1297 814 1345 de
839 1297 977 1361 culpa
1000 1311 1162 1344 rerum
1187 1294 1414 1353 omnium,

823 1374 908 1422 sed
930 1373 1020 1421 nisi
1046 1372 1105 1421 de
1131 1372 1396 1420 communia

757 1451 921 1500 nolunt
944 1451 1116 1499 offerre
1140 1449 1316 1498 trevias

756 1534 803 1576 et
828 1527 915 1576 nisi
941 1527 1000 1575 de
1025 1526 1189 1575 militia

756 1620 849 1669 que
874 1604 934 1652 ad
959 1620 1041 1652 eos
1063 1603 1310 1667 pertineat.

826 1680 1003 1739 Quibus
1029 1679 1176 1727 inscio
1200 1679 1370 1727 comite

758 1756 919 1821 presul
944 1757 1114 1804 timens
1140 1772 1190 1803 se
1216 1755 1409 1803 credere

759 1833 819 1881 ad
845 1833 949 1882 illos
976 1838 1149 1881 statuto
1175 1832 1251 1880 die

759 1928 852 1959 non
880 1910 1110 1975 presumit
1135 1909 1376 1958 accedere.

824 1992 918 2036 Nec
945 1987 1004 2036 de
1029 1987 1134 2052 ipso
1158 1993 1256 2035 tam
1281 1986 1478 2035 timebat

759 2081 902 2129 quam
924 2065 983 2113 de
1008 2064 1097 2112 illis
1123 2081 1244 2128 quos
1268 2063 1457 2112 volebat

758 2158 919 2190 secum
944 2158 1048 2190 esse
1074 2141 1133 2189 ad
1158 2140 1328 2205 placita

760 2219 1039 2267 alterutrum
1064 2218 1308 2283 disposita.

825 2300 951 2344 Tunc
976 2296 1164 2359 quando
1190 2295 1316 2343 cives
1341 2294 1535 2343 audiunt

760 2389 854 2420 non
878 2373 1039 2420 venire
1065 2371 1342 2436 episcopum

758 2455 899 2514 atque
924 2449 988 2497 illi
1014 2448 1073 2497 ad
1098 2448 1323 2513 placitum

759 2526 991 2591 proficisci
1018 2526 1168 2590 parati
1194 2531 1320 2583 sunt,

823 2604 1113 2652 conclamant
1138 2603 1227 2652 sibi
1252 2603 1420 2668 injuste

761 2682 1153 2730 christianismum
1177 2680 1342 2729 tollere

759 2759 1087 2822 immeritoque
1108 2757 1309 2822 perdere

754 2836 860 2901 jura
885 2835 1002 2901 legis
1026 2835 1292 2884 catholicae.
