2092 3490
829 361 1074 397 LIETHARDI.
1604 364 1663 399 163

441 454 593 505 donec
616 453 898 503 alterutrum
924 470 975 502 se
999 452 1184 519 possint
1207 452 1399 518 alloqui.

507 531 763 596 Presulque
787 531 1029 581 consultus
1053 548 1081 580 a
1102 547 1308 596 nequam
1330 530 1521 580 homine

442 609 591 660 noluit
613 609 790 659 trevias
814 609 879 658 illi
903 608 1184 659 concedere.

623 775 706 820 De
743 774 972 820 castelli
1006 773 1278 829 captione.

505 923 745 974 Gerardus
769 923 879 972 hinc
903 922 974 971 ira
998 927 1267 972 commotus
1289 922 1514 980 maxima,

244 1002 340 1051 115
439 997 641 1067 propter
664 1001 755 1051 hoc
779 1001 828 1050 in
853 1000 989 1050 brevi
1013 1005 1232 1065 tempore
1258 1005 1425 1066 postea

502 1078 698 1128 mandat
721 1084 770 1128 et
795 1082 1053 1144 congregat
1077 1077 1253 1127 multos
1277 1078 1516 1137 satellites,

440 1157 626 1222 copiam
651 1156 867 1222 peditum
891 1155 1167 1222 probosque
1190 1155 1382 1205 milites,

506 1235 706 1285 Castello
730 1234 934 1300 presulis
959 1234 1191 1284 assultum
1212 1233 1405 1299 prebuit
1435 1251 1445 1282 :

440 1313 570 1379 quod
594 1330 683 1378 per
704 1313 806 1361 vim
829 1318 877 1362 et
900 1312 1061 1379 ignem
1084 1312 1221 1362 citius
1245 1311 1452 1361 habuit¹.

246 1392 339 1443 ⁴20
505 1390 693 1450 Audite,
721 1397 988 1456 presentes,
1016 1389 1163 1440 futuri
1188 1390 1330 1439 etiam

438 1469 619 1535 accepti
645 1468 822 1518 castelli
846 1484 1010 1518 casum
1032 1467 1311 1517 horribilem
1341 1485 1351 1516 ε

507 1563 618 1596 nam
641 1546 708 1597 ibi
732 1547 982 1612 utriusque
1007 1564 1152 1596 sexus
1176 1545 1425 1596 combusta

439 1624 631 1674 fuerunt
655 1625 858 1690 amplius
883 1642 1028 1690 quam
1053 1630 1246 1674 centum
1271 1640 1493 1689 corpora.

507 1704 624 1752 Cum
647 1702 758 1751 villa
782 1720 917 1752 arsae
943 1708 1053 1752 sunt
1078 1702 1289 1768 quinque
1315 1700 1565 1751 aecclesiae

245 1781 341 1832 ¹125
441 1786 490 1830 et
513 1797 623 1830 cum
647 1781 855 1831 ecclesiis
880 1785 1070 1830 sanctae
1093 1781 1337 1847 reliquiae,

508 1864 558 1909 et
581 1875 758 1926 corpus
779 1859 966 1909 Domini
988 1859 1054 1908 ibi
1078 1859 1382 1908 combustum
1406 1862 1496 1916 est,

440 1935 507 1986 ibi
531 1937 829 1987 comburitur
853 1942 902 1986 et
925 1936 1120 2002 quidam
1145 1936 1384 2002 presbiter
1413 1954 1424 1984 ε

506 2020 555 2064 et
578 2015 638 2064 de
665 2021 819 2064 morte
842 2015 966 2081 ignis
991 2019 1184 2079 ereptos
1208 2013 1425 2063 homines

440 2092 528 2142 hac
550 2093 654 2142 illac
678 2093 924 2159 dispersos
950 2093 1143 2159 capiunt
1169 2093 1369 2158 equites,

246 2171 340 2219 130
507 2174 616 2222 Mox
640 2171 908 2237 expoliatur
933 2172 1178 2221 castellum
1201 2171 1391 2237 penitus

441 2255 656 2316 argento,
685 2249 868 2309 bestiis,
899 2250 1285 2316 supellectilibus.

506 2327 746 2376 Gerardus
770 2327 907 2376 istius
932 2333 1076 2392 caput
1099 2327 1321 2386 malitiae,

441 2419 646 2469 nequam
670 2404 924 2470 parricida,
953 2411 1119 2455 auctor
1143 2405 1400 2471 nequitiae,

507 2482 749 2532 castellum
773 2482 949 2532 retinet
974 2483 1021 2532 in
1044 2500 1188 2532 manu
1209 2483 1406 2549 propria

247 2559 342 2607 135
442 2564 491 2608 et
514 2559 639 2609 bona
662 2561 866 2626 presulis
890 2567 1090 2627 usurpat
1115 2561 1274 2610 omnia
1304 2579 1315 2610 ι

506 2638 658 2698 villas,
685 2639 952 2700 aecclesias,
981 2657 1130 2705 aquas
1155 2646 1203 2689 et
1227 2655 1442 2697 nemora,

292 2826 327 2863 1.
354 2825 411 2864 La
427 2826 530 2875 prise
549 2826 601 2864 du
615 2826 993 2867 eatam-cambresis
1012 2840 1081 2878 par
1100 2828 1247 2867 Gerard
1266 2826 1484 2866 Maufilatre
1502 2830 1570 2864 eut
1589 2825 1667 2863 lieu

245 2884 280 2923 le
299 2885 344 2923 27
365 2885 462 2923 avril
483 2886 574 2924 1133
595 2886 748 2935 (Chr-on.
770 2888 808 2925 S.
834 2888 973 2935 Andr„
994 2888 1066 2937 III,
1090 2889 1148 2937 39,
1170 2900 1209 2937 p.
1232 2888 1328 2935 550).
