2092 3490
486 352 543 385 154

513 674 574 719 76

509 981 569 1026 77

507 1291 567 1336 78

504 1844 562 1889 79

501 2153 561 2199 80

500 2461 551 2507 84

1107 352 1243 385 GESTA

677 446 729 490 ut
754 458 862 490 eum
887 446 1083 506 reponat
1107 441 1155 489 in
1180 441 1405 491 beneficio

675 518 804 582 quod
829 523 934 566 ante
958 518 1147 567 tenebat
1173 519 1320 583 Aquis
1344 536 1452 568 cum
1476 521 1647 587 gaudio

673 595 784 644 cleri
809 595 1052 659 utriusque
1077 596 1124 643 in
1149 597 1451 646 monasterio.

739 674 884 721 Suum
907 673 1165 736 imperator
1189 673 1367 723 audivit
1392 675 1633 724 clericum¹

672 754 718 797 et
744 766 880 797 suum
906 749 1120 798 dolorem
1144 755 1285 815 atque
1310 751 1515 811 exilium,

672 826 809 874 nimis
835 827 1060 875 exterrito
1086 827 1254 892 prebet
1280 828 1514 887 solatium,

669 920 863 967 prorsus
889 904 1150 953 inconsulto
1175 905 1341 970 prebet
1368 905 1627 964 consilium,

734 979 893 1028 dicens
924 998 933 1027 :
965 980 1138 1029 Dileete
1163 983 1226 1029 mi
1250 982 1414 1045 frater,
1443 998 1500 1030 ne
1520 997 1707 1046 paveas.

670 1057 870 1120 Beniqne
896 1059 1078 1106 consulo
1105 1065 1154 1106 ut
1180 1060 1270 1106 tuis
1299 1059 1478 1107 redeas.

671 1134 873 1183 Concedo
899 1141 949 1182 nt
974 1136 1140 1184 Romae
1167 1143 1211 1184 et
1235 1136 1388 1184 Remis
1413 1137 1592 1194 subeas,

668 1213 879 1276 quiequid
899 1215 1158 1277 precipiunt
1182 1230 1288 1277 r090
1314 1221 1365 1261 ut
1389 1217 1608 1278 compleas
1636 1229 1653 1261 .·

732 1297 775 1337 et
800 1306 878 1352 eqo
905 1291 1101 1339 condono
1129 1298 1232 1339 tuae
1253 1291 1543 1355 prudentiae,
1641 1294 1644 1297 ’

667 1382 798 1430 quem
823 1367 935 1415 mihi
960 1367 1142 1430 fidelem
1167 1370 1270 1416 novi
1295 1371 1508 1426 existere,

665 1451 717 1491 ut
741 1461 830 1493 non
855 1452 1089 1493 remaneat
1112 1461 1194 1509 pro
1220 1462 1315 1494 meo
1340 1448 1516 1494 nomine

667 1523 776 1584 quin
797 1524 947 1586 possis
974 1522 1129 1570 amodo
1155 1538 1255 1570 eum
1275 1539 1388 1586 paee
1409 1525 1575 1572 vivere.

940 1693 1021 1735 De
1053 1692 1234 1736 reditu
1266 1692 1403 1746 ejus.

728 1845 899 1893 Audito
926 1845 1082 1908 itaque
1108 1846 1236 1911 regis
1262 1846 1427 1894 solatio

663 1920 866 1985 datoque
892 1939 1085 1971 assensu
1111 1928 1250 1987 atque
1273 1922 1483 1985 consilio,

661 1998 959 2047 Burchardus
985 1999 1122 2047 letior
1146 2000 1270 2048 redit
1294 2000 1532 2058 continuo,

662 2076 938 2124 commissos
964 2077 1188 2125 estimans
1215 2094 1318 2126 esse
1342 2078 1390 2125 in
1415 2078 1602 2143 gaudio.

728 2153 818 2201 Sed
844 2170 951 2201 cum
976 2154 1065 2201 hoc
1091 2154 1250 2202 audiat
1275 2154 1404 2218 quod
1429 2157 1555 2203 Cono
1581 2155 1754 2204 fecerat

662 2234 709 2276 et
734 2235 961 2292 quantum
986 2247 1155 2278 nocere
1182 2230 1269 2278 sibi
1296 2231 1524 2289 voluerat,

662 2305 758 2354 suis
784 2306 1006 2355 accidisse
1031 2307 1233 2371 peccatis
1258 2313 1445 2372 reputat

662 2399 806 2446 seque
832 2400 990 2431 eoram
1014 2387 1110 2432 Deo
1136 2385 1334 2449 prohinc
1357 2384 1584 2433 humiliat.

725 2460 882 2526 Pergit
906 2461 1196 2525 frequentius
1221 2462 1282 2510 ad
1306 2463 1646 2512 monasterium

662 2537 919 2600 suumque²
944 2537 1163 2601 precibus
1187 2538 1351 2603 affligit
1374 2539 1580 2588 animum

662 2619 709 2662 et
734 2614 781 2662 in
808 2614 1070 2664 ebdomada
1096 2615 1251 2664 studet
1277 2633 1363 2680 per
1387 2617 1595 2666 triduum

516 2780 548 2815 1.
578 2783 763 2817 clericum.
786 2781 892 2818 Dans
913 2782 948 2818 le
967 2793 1038 2818 ms.
1061 2782 1265 2819 au-dessus
1285 2782 1331 2820 de
1352 2783 1388 2820 la
1407 2783 1520 2830 ligne.

515 2838 548 2875 ἱ).
577 2850 766 2885 suumque.
790 2840 896 2877 Dans
917 2839 951 2877 le
971 2852 1042 2877 ms.
1065 2853 1131 2887 que
1152 2846 1209 2878 est
1229 2842 1323 2879 ecrit
1341 2842 1547 2880 au-dessus
1568 2843 1613 2880 de
1632 2843 1667 2879 la
1686 2843 1800 2890 ligne.
