2092 3490
892 338 1077 372 NIGOLAI.
1354 348 1356 354 '
1633 348 1697 382 227

567 434 850 479 taxaverunt
874 430 1124 495 pecuniam

563 507 690 556 inter
713 524 796 557 eos
819 524 915 557 non
940 507 1195 567 modicam,

565 585 686 635 sicut
710 586 754 635 ei
775 586 1114 652 promiserant.

273 665 367 711 365
632 664 768 723 Quod
792 681 902 714 cum
927 664 1059 713 audit
1082 664 1332 715 Nicholaus

565 742 804 791 Cameraci
828 742 1101 808 episcopus,

566 819 808 884 prohibuit
831 820 1151 887 burgensibus

566 913 625 945 ne
650 903 893 947 taxaretur
917 898 1124 964 populus

273 974 367 1021 366
632 975 715 1040 qui
740 975 829 1024 sibi
855 977 1137 1026 commissus
1162 983 1282 1037 erat,

565 1068 675 1102 cum
697 1053 802 1102 fieri
828 1070 926 1103 non
952 1053 1123 1103 debeat

564 1129 612 1179 in
638 1130 826 1180 civitate
851 1132 1048 1197 propria

566 1206 657 1256 nisi
682 1207 783 1274 ejus
806 1208 1011 1257 licentia.
1104 1246 1106 1249 .

272 1286 367 1334 367
632 1288 731 1334 Hoc
756 1286 883 1335 enim
906 1292 980 1336 est
1003 1287 1296 1353 incognitum

565 1380 654 1429 per
678 1369 833 1414 totum
857 1365 947 1414 hoc
972 1365 1228 1430 imperium

564 1447 620 1491 ut
644 1442 706 1490 sit
730 1458 818 1491 nec
842 1443 958 1492 urbs
983 1460 1071 1492 nec
1095 1443 1331 1510 oppidum

565 1519 612 1568 in
636 1525 872 1584 potestate
898 1520 1092 1570 civium.

272 1597 365 1645 368
630 1601 757 1648 Haec
779 1605 1009 1664 precepta
1034 1617 1156 1665 quae
1181 1600 1303 1649 facta
1327 1608 1439 1650 sunt

566 1676 631 1725 nil
656 1677 820 1741 utique
845 1678 1118 1742 proficiunt,

566 1755 652 1803 sed
678 1755 786 1820 plus
811 1756 931 1804 iram
956 1762 1236 1805 exactorum

565 1834 877 1884 exacerbare¹
906 1834 1100 1884 faciunt.

273 1912 368 1958 369
631 1915 749 1961 Nam
774 1918 974 1978 propter
997 1913 1085 1962 hec
1109 1913 1351 1979 prohibita

566 1995 784 2038 crescunt
809 2007 1115 2039 nummorum
1140 1990 1301 2040 debita
1331 2009 1341 2038 ι

565 2073 759 2133 agentes
781 2068 895 2117 haec
920 2074 968 2117 et
992 2074 1152 2118 cetera

564 2145 625 2194 ad
648 2146 854 2210 presulis
878 2147 1115 2195 contraria

272 2224 366 2272 370
631 2229 681 2272 et
705 2224 920 2273 nolentes
945 2225 1208 2275 concedere

565 2301 871 2351 constitutum
899 2303 1126 2367 pecuniae

565 2380 819 2444 oportebat
843 2381 1119 2446 persolvere

566 2463 755 2507 coactos
780 2458 1075 2530 fortitudine.

270 2585 424 2640 Quod
444 2585 737 2641 episcopus
757 2587 911 2632 cives
930 2589 985 2632 in
1004 2589 1184 2632 hanno
1203 2588 1447 2632 tenuerit
1468 2587 1695 2641 propter

388 2667 547 2701 suam
571 2657 966 2714 infidelitatem,
991 2660 1308 2714 terramque
1335 2659 1571 2703 comitis.

271 2770 356 2817 37⁴
632 2769 714 2819 Eia
739 2770 904 2821 dolens
928 2771 1180 2836 episcopus

320 2890 354 2927 1.
377 2888 484 2927 Dans
503 2888 539 2928 le
558 2901 631 2928 ms.
654 2892 904 2930 eaearcerbare.
