2092 3490
244 658 340 709 435

243 970 339 1020 436

241 1283 337 1332 437

237 1595 333 1644 438

235 1907 332 1956 439

232 2217 328 2268 440

231 2528 318 2578 441
364 2529 372 2536 ’

231 2839 326 2892 442

867 338 1053 375 NIGOLAI.

542 426 784 491 querelam
809 444 955 493 super
979 429 1160 480 civibus

541 504 601 554 de
625 506 1035 570 persecutionibus

541 587 589 632 et
613 582 673 632 de
699 584 1018 635 taxationibus

605 678 724 726 quas
749 662 959 712 fecerant
982 669 1148 714 contra
1173 682 1283 715 eum

539 755 635 787 non
660 739 882 790 timentes
907 741 1171 808 perjurium

539 833 623 866 nec
648 818 790 867 etiam
811 818 895 868 Dei
920 819 1131 870 bannum

538 895 602 944 ob
626 895 716 944 hoc
740 896 808 946 eis
832 897 1124 963 impositum.

602 976 830 1023 Monstrat
854 981 900 1024 et
925 976 1016 1025 hoc
1040 977 1170 1041 quod
1197 979 1421 1029 comitem

536 1050 597 1099 de
622 1052 804 1101 Haunio
829 1061 1109 1119 receperant

536 1134 810 1196 terramque
836 1130 926 1180 sibi
952 1132 1184 1183 dederant-

533 1211 675 1271 atque
698 1207 846 1256 fidem
865 1208 1160 1274 juraverant.

601 1288 729 1334 Tunc
754 1287 968 1350 presules
993 1305 1159 1338 omnes
1184 1290 1348 1340 dicunt
1374 1310 1384 1340 :
1410 1339 1415 1342 ,

543 1361 651 1411 Vota
676 1364 823 1412 stulta
847 1366 1107 1431 franqenda
1129 1375 1239 1417 sunt
1261 1384 1280 1417 :

530 1441 795 1504 judicamus
817 1452 1155 1495 sacramentum

532 1519 659 1568 ist-ud
680 1537 914 1586 nunquam
937 1524 1280 1584 attendendum,

597 1614 743 1663 neque
772 1599 909 1649 licere
934 1603 1146 1667 cuiquam

533 1674 688 1724 urbem
715 1682 879 1727 tamara
905 1681 1081 1744 reqiam

530 1754 625 1802 nisi
642 1771 730 1819 per
754 1771 889 1804 suum
908 1758 1144 1821 presulem

533 1832 612 1896 qui
637 1832 694 1881 de
717 1849 824 1897 reqc
850 1840 971 1883 tenet
997 1841 1188 1889 terram.

597 1911 724 1975 Ergo
749 1910 886 1976 legati
914 1911 1089 1961 civium

531 1987 660 2052 quod
685 1993 866 2038 temere
892 1989 1186 2041 abstulerunt

525 2064 704 2131 J'udicio
728 2067 1008 2131 pontificum

528 2145 786 2193 restaurari
812 2147 1016 2196 convicti
1043 2153 1171 2197 sunt.

593 2221 826 2288 Abjurant
850 2241 967 2273 vero
994 2226 1215 2275 comitem

527 2306 773 2365 receptum
798 2319 887 2367 per
912 2303 1157 2353 stultitiam

527 2376 798 2443 faciuntque
823 2379 1044 2429 fiduciam

529 2455 768 2506 relocandi
791 2459 1067 2523 pontificem

592 2531 642 2580 in
664 2535 858 2598 propria
881 2535 982 2602 ejus
1008 2537 1120 2586 sede

527 2626 636 2659 cum
661 2611 811 2677 gloria
835 2620 884 2662 et
908 2614 1089 2664 honore

525 2686 650 2736 inter
674 2705 783 2738 eum
806 2690 934 2741 cives
960 2709 1151 2759 quoque

525 2766 731 2832 rejurata
755 2769 892 2819 firma
919 2788 1053 2836 pace.

593 2845 673 2893 His
698 2845 842 2896 finitis
867 2849 1090 2913 continuo

1609 348 1670 383 237
