2092 3490
211 425 306 475 256

211 734 304 784 527

207 1355 300 1404 529

802 334 1029 368 GALGHERI.
1584 341 1624 374 93

568 423 746 473 donant
770 424 810 472 ei
838 424 1084 473 consilium

503 507 555 550 ut
580 500 766 550 comitis
789 501 1145 552 Flandrensium

501 577 698 643 recipiat
722 579 1001 639 hominium,

498 655 642 705 fidem
668 661 809 722 atque
835 657 1097 707 servitium.

565 737 667 784 Rex
692 734 849 800 itaque
872 735 1167 801 principibus

499 812 740 862 consultus
764 830 791 861 a
816 813 1075 878 majoribus

501 887 560 937 de
586 889 755 938 futuris
780 889 1062 955 inprovidus

501 965 623 1014 datis
648 966 776 1015 favet
800 967 1110 1016 consultibus.

565 1044 779 1108 Suscepit
803 1061 919 1111 ergo
944 1045 1165 1093 comitem

499 1122 544 1170 in
571 1122 773 1171 amicum
798 1128 846 1171 et
870 1123 1128 1181 hominem,

498 1198 616 1248 dans
641 1199 683 1247 ei
709 1199 1040 1258 castellaniam,

498 1279 681 1325 Novum
708 1277 957 1326 Castellum
984 1278 1172 1327 etiam¹.

563 1358 715 1404 Donat
738 1360 897 1403 tamen
924 1355 981 1403 ad
1009 1356 1282 1414 terminum,

498 1437 550 1480 ut
574 1436 773 1481 testatur
797 1432 1069 1497 imperium,

497 1509 649 1558 donec
671 1509 884 1575 imponat
909 1511 1157 1576 proprium

497 1587 733 1636 Cameraci
758 1587 1054 1653 episcopum.

262 1724 344 1770 De
370 1726 608 1779 adventu
634 1727 988 1781 imperatoris
1013 1729 1159 1782 apud
1186 1729 1558 1774 cameracum.

207 1851 301 1897 530

206 2160 290 2206 53¹1

209 2469 303 2519 532

563 1853 662 1899 Hoc
686 1850 844 1915 itaque
869 1851 1137 1916 composito

497 1927 629 1975 venit
654 1944 788 1976 cesar
814 1929 1038 1977 continuo

499 2006 802 2054 Cameracum
828 2022 937 2055 cum
961 2007 1168 2055 maximo

497 2087 681 2130 terrore
709 2088 756 2130 et
781 2099 888 2131 cum
915 2083 1042 2132 odio.

562 2158 656 2208 Sed
681 2165 934 2224 antequam
959 2178 1046 2209 rex
1072 2161 1228 2210 veniat

499 2235 618 2301 fugit
643 2236 744 2286 Odo
770 2237 851 2302 qui
877 2238 1107 2302 presulem,

497 2313 614 2379 fugit
639 2314 751 2362 cleri
778 2332 890 2379 pars
915 2316 1118 2381 plurima

498 2390 744 2456 plebisque
770 2392 947 2442 fraudis
973 2394 1176 2442 conscia.

563 2470 778 2519 Mulieres
802 2487 911 2519 cum
938 2472 1146 2536 parvulis

498 2545 684 2610 fugiunt
707 2546 753 2595 in
781 2548 1035 2606 aecclesiis,

253 2675 288 2712 1.
316 2675 371 2712 La
390 2675 677 2714 reconciliation
696 2676 907 2715 solennelle
926 2683 1034 2716 entre
1054 2678 1280 2727 l'empereur
1307 2682 1344 2715 et
1371 2677 1406 2714 le
1430 2682 1554 2715 comte
1574 2677 1622 2715 de

205 2733 384 2783 mandre,
405 2734 428 2771 ὲ,
446 2735 513 2772 des
532 2734 746 2773 conditions
766 2737 841 2773 tres
862 2743 1138 2786 avantageuses
1159 2749 1254 2786 pour
1273 2736 1451 2785 celui-ci,
1473 2747 1622 2774 comme

206 2805 257 2832 on
281 2793 317 2832 le
342 2794 434 2844 voit,
464 2799 531 2832 eut
556 2794 632 2832 lieu
659 2795 682 2832 a
706 2795 743 2832 la
767 2795 843 2834 sete
869 2796 916 2835 de
945 2797 1041 2835 Noel
1074 2798 1165 2835 1108
1197 2796 1430 2844 (Ekkehard.
1456 2795 1617 2843 Umug„

210 2865 244 2904 p.
267 2853 365 2896 242).
