2092 3490
822 324 1048 358 GALcflEm.

523 414 742 464 habuisse
766 413 1011 463 introitum

523 492 584 541 ob
610 507 813 557 pravum
836 490 937 557 ejus
962 491 1142 540 exitum

521 587 666 635 quem
689 569 895 619 vidimus
919 569 979 618 ad
1003 569 1236 620 ultimum.

232 648 327 697 498
588 646 680 697 Sed
704 663 764 696 ne
789 646 1060 712 dirumpam
1085 646 1299 696 ordinem

525 730 574 774 et
597 729 787 774 actuum
811 725 1078 773 matteriam

524 802 571 850 in
597 802 700 851 loco
727 818 813 850 suo
838 801 1028 850 faciam1

524 880 632 929 finis
657 879 729 928 sui
755 879 974 928 noticiam

440 1051 522 1094 De
550 1048 887 1104 profectione
913 1048 1170 1093 Galcherl
1195 1048 1434 1103 Legiam.

234 1190 330 1239 499
592 1188 664 1238 Ad
689 1188 970 1239 Galeherum
994 1188 1102 1237 hinc
1126 1187 1272 1237 redeo

253 1280 257 1283 “
526 1272 668 1331 atque
692 1267 784 1315 fleo
810 1271 858 1316 et
883 1266 1021 1315 doleo

526 1344 657 1410 quod
679 1344 801 1394 illius
826 1344 991 1410 petitio

527 1422 793 1488 refragatur
817 1439 878 1471 ex
902 1422 1030 1471 odio.

236 1503 330 1550 500
593 1500 738 1550 Miror
761 1500 891 1565 quod
915 1517 1010 1548 non
1036 1499 1252 1548 irascitur

528 1577 610 1643 qui
634 1583 707 1627 tot
730 1577 931 1626 adversa
955 1577 1150 1643 patitur,

529 1655 611 1721 qui
637 1672 732 1704 non
757 1655 871 1704 ledit
895 1661 942 1703 et
967 1654 1157 1713 leditur‚

529 1734 676 1783 immo
702 1750 789 1782 nec
814 1750 865 1782 se
890 1732 1147 1782 ulciscitur.

238 1814 323 1862 50⁴
597 1811 890 1876 Quicumque
914 1811 1041 1859 enim
1066 1810 1215 1860 voluit

531 1890 622 1939 sibi
645 1906 818 1939 nocere
843 1889 1005 1938 nocuit

530 1973 579 2016 et
602 1967 693 2016 hoc
717 1967 820 2032 ipse
846 1967 963 2016 dum
986 1966 1141 2032 potuit

531 2045 766 2112 patienter
791 2045 1029 2095 sustinuit.

239 2125 335 2186 502
598 2123 804 2188 Reliquit
828 2140 916 2171 nos
940 2121 1197 2171 novissime

531 2200 607 2249 vir
631 2216 801 2266 magne
823 2199 1076 2264 patientiae

533 2278 644 2343 quia
666 2278 749 2327 Dei
767 2277 980 2343 justiciae

534 2372 629 2404 non
654 2355 776 2404 ultra
797 2354 899 2404 vult
922 2354 1161 2404 resistere.

242 2435 337 2482 503
600 2432 814 2482 Perrexit
838 2448 953 2498 ergo
978 2431 1168 2498 Legiam

536 2509 597 2559 ad
622 2510 851 2560 Obertum
876 2509 1149 2575 pontificem

535 2604 625 2653 per
649 2587 751 2654 ejus
774 2586 1027 2636 amicitiam

539 2670 587 2714 et
611 2665 786 2715 cesaris
809 2665 1047 2715 fiduciam.

297 2839 330 2875 1.
360 2841 510 2886 faciam.
535 2839 642 2877 Dans
664 2838 698 2876 le
717 2850 790 2877 ms.
812 2840 949 2885 ficiam.

1600 327 1640 360 87
