2092 3490
809 347 1035 381 GALGHERI.
1593 351 1635 384 77

511 453 604 501 qua
629 442 748 495 arte,
777 453 873 503 quo
898 437 1087 504 ingenio

510 514 763 564 Galcherus
786 515 939 580 possit
962 516 1022 565 ab
1047 515 1127 565 illo

513 591 685 658 expelli
709 593 1025 658 receptaculo.

710 757 792 801 De
825 756 1136 802 creden-idn.

218 883 315 933 448
579 888 710 934 Nunc
734 902 900 935 omnes
925 885 1167 953 intelligite

513 963 594 1028 qui
619 980 734 1013 sano
760 964 874 1013 estis
900 969 1093 1029 pectore

514 1041 688 1091 factum
713 1042 828 1091 illud
853 1042 1063 1104 terribile

513 1118 643 1185 quod
668 1118 880 1168 fecerunt
903 1137 993 1185 pro
1018 1120 1225 1186 presule.

221 1195 315 1245 449
577 1199 779 1247 Sumunt
803 1198 930 1246 enim
955 1198 1279 1248 Godefridum¹

514 1273 646 1323 illum
668 1275 870 1324 Anselli²
896 1275 1062 1335 filium,

513 1369 658 1417 quem
683 1352 938 1402 sublimant
961 1354 1010 1402 in
1035 1353 1281 1404 dominum

519 1447 573 1479 ac
597 1430 733 1479 civile
757 1431 1064 1497 presidium3.

221 1507 317 1557 450
581 1510 733 1574 Super
757 1509 870 1558 hoc⁴
896 1509 1049 1560 adhuc
1073 1510 1255 1560 facinus

515 1586 780 1636 concedunt
804 1587 919 1636 sihi5
944 1588 1164 1653 protinus

516 1669 570 1714 ut
595 1664 692 1714 suis
717 1665 873 1714 trahat
898 1666 1062 1715 usibus

515 1742 807 1808 episcopales
831 1743 1066 1802 redditus,

223 1816 310 1866 451
583 1825 632 1868 et
655 1819 828 1870 milites
852 1820 960 1870 hinc
983 1826 1142 1871 teneat

517 1913 606 1962 per
630 1914 753 1961 quos
776 1904 906 1948 terre
931 1899 1181 1964 provideat

516 1981 565 2024 et
589 1975 868 2026 Galcherum
893 1976 1111 2026 cohibeat

516 2068 577 2102 ne
602 2070 831 2120 umquam
855 2054 945 2104 illis
971 2061 1156 2105 noceat.

222 2127 320 2180 452
583 2134 719 2197 Hugo
745 2132 805 2181 de
828 2133 981 2182 Incih⁶
1006 2139 1169 2198 preter
1192 2134 1283 2183 hoc

272 2277 306 2315 1.
335 2276 516 2316 Godefroi
535 2277 583 2316 de
603 2278 815 2318 themont
834 2283 973 2331 (comp.
995 2282 1083 2331 plus
1102 2282 1199 2320 haut
1218 2294 1255 2332 p.
1278 2284 1337 2331 11,
1365 2287 1503 2326 notes).
1534 2282 1592 2321 On
1623 2294 1645 2320 a

224 2336 272 2375 de
302 2337 359 2375 lui
390 2338 484 2375 trois
515 2338 668 2377 chartas
699 2339 829 2377 dathes
862 2340 929 2378 des
962 2342 1105 2379 annf'ffles
1137 2342 1228 2380 1103
1255 2346 1293 2379 et
1325 2343 1438 2390 1104,
1472 2354 1540 2392 par
1568 2342 1646 2380 les-

224 2395 371 2446 quelles
399 2396 429 2434 il
454 2395 524 2435 fait
550 2408 600 2435 ou
626 2398 810 2436 confirmo
838 2399 906 2437 des
936 2400 1140 2438 donations
1170 2401 1192 2438 ἐι
1220 2401 1287 2439 des
1314 2401 1452 2450 §glises
1479 2406 1518 2440 et
1536 2401 1558 2439 εὶ
1578 2401 1646 2439 des

224 2456 463 2494 monasoeres
485 2456 733 2507 (Brequigny,
752 2460 859 2496 Table
878 2461 937 2497 des
957 2462 1063 2508 dipl„
1088 2465 1115 2498 t.
1138 2460 1192 2510 II,
1213 2473 1250 2510 p.
1273 2461 1357 2509 354,
1380 2461 1478 2509 361).

271 2514 307 2553 2.
335 2514 468 2564 Comp.
489 2514 575 2564 plus
595 2516 690 2554 haut
709 2522 776 2554 str.
798 2517 857 2555 61.

273 2575 308 2613 3.
337 2574 446 2613 Cette
471 2575 627 2624 strophe
656 2581 714 2614 est
743 2577 888 2615 rendae
914 2578 1010 2615 dans
1036 2578 1075 2617 la
1099 2579 1265 2617 Version
1286 2579 1471 2625 franqaise
1495 2589 1563 2627 par
1583 2591 1646 2618 ces

226 2639 327 2673 mots
344 2650 351 2672 :
374 2637 462 2672 Lors
476 2638 623 2682 prisent
642 2636 810 2683 Godefroi
828 2640 869 2684 fil
888 2640 1014 2676 Ansiel
1032 2641 1179 2676 deseure
1201 2644 1362 2676 nommet
1381 2644 1414 2676 et
1433 2642 1539 2686 fisent
1565 2642 1647 2677 leur

225 2697 396 2742 seiyneur
414 2699 448 2733 et
467 2697 688 2733 l'esleverent
705 2699 742 2734 si
759 2709 827 2744 que
846 2699 1048 2744 deffenseur
1066 2700 1109 2736 de
1129 2702 1166 2736 la
1186 2701 1255 2736 cite
1277 2699 1321 2747 (c.
1344 2699 1404 2747 21,
1426 2711 1463 2747 p.
1486 2699 1583 2748 517).

273 2754 310 2793 4.
338 2756 415 2792 hoc.
438 2754 546 2793 Dans
565 2753 602 2792 le
620 2767 694 2793 ms.
716 2756 923 2795 au-dessus
943 2757 991 2795 de
1010 2758 1047 2795 la
1065 2757 1185 2806 ligne.

275 2815 309 2851 5.
337 2816 421 2852 sibi.
448 2814 556 2852 Dans
575 2814 611 2852 le
630 2827 703 2854 ωε.
725 2816 932 2855 au-dessus
951 2817 999 2856 de
1018 2818 1055 2855 la
1074 2818 1193 2866 ligne.

274 2873 311 2911 6.
337 2873 391 2912 Le
411 2873 527 2912 detail
546 2877 705 2924 marqud
723 2874 896 2924 plus‘has
917 2877 1013 2915 dans
1032 2877 1067 2916 la
1081 2883 1148 2915 str.
1169 2877 1238 2915 453
1257 2882 1407 2916 mentre
1424 2877 1649 2917 clairement
