2092 3490
778 357 1005 392 GALGHERI.
1542 361 1601 396 107

544 444 630 495 sed
653 449 906 510 antequam
931 446 992 495 sit
1014 451 1231 496 mortuus

478 524 534 573 fit
557 524 673 574 ultio
697 523 758 573 de
781 523 1015 584 hostibus,

544 601 604 651 de
629 601 702 651 his
727 602 809 667 qui
833 618 943 652 eum
967 602 1184 663 oderant,

476 679 559 746 qui
583 696 693 730 eum
717 680 1056 746 deposuerant,

543 757 626 823 qui
651 758 802 825 magis
827 758 929 825 ejus
952 758 1089 824 operi

414 871 420 873 Δ
477 852 669 902 semper
693 841 829 886 erant
853 835 1096 886 contrarii.

542 917 661 963 Nam
683 914 962 980 priusquam
986 914 1234 974 moriatur,

477 1007 645 1040 omnes
669 991 734 1040 illi
759 992 1030 1043 moriuntur

543 1085 751 1134 quorum
774 1069 908 1119 labor
933 1069 1171 1135 quesierat

477 1146 607 1211 quod
632 1147 865 1196 honorem
891 1148 1132 1197 amiserat.

542 1224 647 1274 Suis
669 1241 786 1292 ergo
811 1225 1044 1274 malivolis

476 1301 636 1352 divina
660 1308 818 1369 strage
843 1303 1063 1363 mortuiS,

544 1380 663 1429 dixit
693 1399 702 1429 :
732 1382 851 1431 ane
866 1384 971 1447 jam
996 1382 1236 1439 vindi00r;

476 1449 527 1508 si*
544 1475 624 1524 eqo
650 1475 709 1509 ex
732 1476 853 1508 nuno
877 1461 1064 1519 morior,

541 1536 692 1586 duleis
715 1536 830 1586 mihi
853 1553 975 1586 mors
1001 1538 1169 1596 aderit,

476 1620 665 1664 mortem
687 1615 787 1664 volo
813 1631 914 1664 cum
938 1617 1114 1664 venerit
1141 1632 1159 1663 .·

540 1708 591 1741 eo
614 1692 732 1757 quod
757 1694 909 1742 vivum
934 1693 1154 1743 Dominus

477 1785 547 1819 me
572 1770 700 1819 ultus
725 1777 794 1820 est
819 1771 875 1820 de
901 1770 1123 1821 hostibus.

541 1850 608 1897 De
633 1848 741 1897 hinc
765 1849 855 1898 sub
882 1849 1015 1898 brevi
1041 1849 1245 1899 termino

475 1930 639 1975 saneto
663 1926 812 1976 fretus
837 1927 1033 1977 consilio

540 2020 592 2052 se
617 2003 677 2052 ad
698 2007 923 2054 Sanctum
946 2005 1219 2056 Nicholaum

479 2079 539 2130 de
565 2081 692 2130 Silva
716 2082 874 2131 reddit
897 2083 1199 2133 monachum.

538 2158 607 2208 Ibi
629 2176 746 2209 vero
770 2160 991 2225 penituit,

472 2241 604 2286 actus
628 2254 805 2302 pravos
830 2238 1062 2304 corripuit

538 2314 727 2381 egitque
752 2316 1060 2381 penitentiam

472 2392 535 2441 ob
560 2392 840 2444 delictorum
866 2394 1070 2444 veniam.

537 2470 623 2530 Qui
649 2477 840 2538 sumpto
866 2472 1035 2523 Christi
1061 2489 1263 2539 corpore

472 2554 631 2598 sancta
655 2549 703 2598 in
729 2549 1022 2600 confessione

176 2743 356 2792 pr6eedes
375 2744 471 2782 dans
491 2745 527 2782 la
545 2744 634 2784 liste
654 2747 721 2784 des
735 2747 952 2796 signatures
966 2748 1013 2787 de
1028 2749 1127 2787 celui
1142 2750 1189 2787 de
1203 2750 1383 2787 Gaucher
1400 2762 1408 2786 ε
1431 2751 1468 2786 S.
1485 2750 1595 2786 Gual-

178 2805 249 2840 tori
283 2805 542 2842 archidiaconi
575 2805 783 2853 (Duvivier‚
820 2808 1034 2845 Recherches
1071 2819 1139 2845 sur
1171 2811 1203 2845 le
1234 2809 1404 2845 Ilainaut
1441 2810 1588 2852 ancien,
1615 2861 1619 2867 Ι

178 2873 216 2911 p.
239 2862 335 2910 527).
