2092 3490
861 334 1046 370 NIGOLAI.
1605 338 1666 372 223

253 423 348 477 342
610 428 702 473 Pro
725 424 814 474 hac
836 441 953 491 ergo
976 441 1030 474 re
1054 425 1212 475 audita

544 506 591 550 et
615 501 851 551 minarum
873 502 1096 567 superbia

543 579 658 628 item
677 580 804 646 jurat
828 586 877 629 et
901 582 1107 630 affirmat

542 657 781 706 Gameraci
807 657 1076 706 communia

251 731 345 782 343
608 734 738 799 quod
763 734 922 799 ipsum
947 734 1118 785 Montis
1141 734 1364 784 comitem

0 862 4 879 Ρ
541 811 839 862 sustinebunt
863 812 935 861 in¹
961 812 1228 878 principem

0 883 13 943 'i
542 890 771 940 adversus
795 907 988 940 omnem
1011 892 1253 940 hominem

0 964 2 971 ’
540 973 704 1034 preter
727 985 892 1036 regem
916 975 964 1019 et
989 970 1245 1036 presulem.

251 1138 259 1147 '
328 1139 411 1182 De
440 1139 582 1183 bello
614 1138 742 1183 ante
775 1138 1106 1194 osgiachum
1137 1139 1194 1183 et
1224 1140 1292 1184 de
1323 1139 1579 1194 captione

819 1210 1090 1267 symonis.

248 1357 344 1407 344
605 1358 778 1409 Audito
801 1375 918 1407 vero
942 1358 1250 1424 postmodum

539 1436 669 1501 quod
693 1435 822 1501 apud
847 1435 1098 1502 Oysiacum

540 1519 640 1563 erat
665 1530 826 1563 comes
850 1513 1194 1572 Flandriarum,

539 1591 577 1641 it
599 1591 854 1642 Montensis
878 1597 1044 1640 contra
1068 1608 1195 1641 eum.

247 1668 342 1718 345
604 1669 782 1729 Quibus
803 1669 1220 1736 congredientibus

539 1753 587 1797 et
610 1748 850 1813 utrimque
874 1748 1167 1797 certantibus

538 1827 663 1892 cepit
686 1843 846 1875 comes
871 1825 931 1875 de
955 1825 1191 1875 Montibus

539 1904 808 1970 complures
831 1904 892 1953 de
916 1903 1296 1953 Flandrensibus.

246 1980 342 2030 346
603 1985 779 2047 Symon
803 1998 921 2030 vero
946 1981 1187 2031 audaciter

539 2065 819 2126 prosecutus
843 2065 1186 2125 prosequentes

537 2138 598 2187 ab
619 2137 820 2187 inimicis
843 2138 1024 2203 pariter

538 2215 661 2264 inter
685 2216 896 2281 captivos
921 2221 1086 2281 captus
1112 2221 1202 2264 est.

246 2292 340 2342 347
602 2295 751 2352 Quem
773 2292 902 2343 idem
926 2293 1027 2359 ejus
1053 2292 1212 2351 emuli,

540 2370 622 2436 qui
646 2376 780 2419 erant
802 2376 1024 2436 parentes
1050 2371 1139 2429 sui,

536 2449 684 2497 sterni
708 2449 923 2498 videntes
947 2455 995 2498 et
1020 2449 1125 2515 capi

536 2526 629 2576 cito
651 2526 866 2576 laborant
891 2528 957 2576 eri
963 2527 1028 2593 pi.

244 2604 339 2654 348
600 2607 921 2670 Ereptumque
947 2605 1006 2654 de
1032 2610 1228 2671 captura

537 2686 586 2730 et
608 2681 764 2731 hostili
787 2683 999 2748 potentia

290 2857 324 2894 1.
352 2858 408 2893 in.
430 2856 538 2894 Dans
557 2855 592 2894 le
610 2867 682 2894 ms.
706 2856 911 2895 au-dessus
931 2856 978 2894 de
998 2857 1035 2894 la
1054 2857 1171 2905 ligne.
