2092 3490
252 502 316 552 82

252 814 313 860 83

253 1357 314 1408 84

251 1671 314 1718 85

251 1983 313 2029 86

251 2293 312 2339 87

251 2835 313 2880 88

766 331 1026 365 BURCHARDI.
1048 332 1090 363 ΙΙ.
1577 334 1634 367 155

416 421 504 471 sibi
530 420 809 471 subtrahere
834 420 989 469 carnis
1015 419 1242 469 edulium.

479 503 606 566 Ergo
631 499 756 548 vitae
780 516 891 548 suae
917 504 1029 548 nota
1054 498 1215 563 opinio

415 583 462 627 et
488 577 798 627 abstinentiae
822 577 1026 642 simplex
1051 576 1241 625 afflictio

414 655 635 705 Remensi
658 655 837 720 placuit
860 654 1214 720 archiepiscopo

415 733 686 798 dolentique
711 733 792 798 pio
818 732 1039 781 condolet
1063 732 1238 781 animo.

480 812 565 872 Qui
592 810 866 860 Burchardo
893 827 1032 859 suum
1058 810 1262 875 spondet
1287 811 1510 861 auxilium

413 895 460 938 et
485 889 529 938 ei
555 889 757 939 consulit
781 894 833 938 ut
859 887 1003 937 vadat
1028 888 1202 937 iterum

414 984 523 1017 cum
549 967 646 1017 suis
670 967 840 1016 litteris
865 966 925 1015 ad
951 966 1263 1031 apostolicum

412 1051 461 1094 et
485 1045 586 1111 ejus
610 1045 778 1094 veniae
804 1049 966 1110 portet
989 1040 1257 1093 consilium.

383 1212 465 1256 De
497 1211 743 1255 secunda
772 1210 1114 1265 profectione
1148 1211 1219 1255 ad
1251 1221 1470 1265 papam.

480 1357 685 1407 Munitus
710 1357 879 1406 litteris
905 1357 1268 1422 archiepiscopi,

413 1435 474 1484 ad
499 1452 674 1501 papam
698 1435 902 1484 recurrit
927 1435 1084 1484 animo
1112 1436 1329 1501 simplici,

413 1513 642 1579 lectisque
668 1513 836 1562 litteris
861 1513 1011 1562 verbo
1037 1514 1253 1579 placabili
1294 1575 1298 1580 ι

413 1591 674 1657 respondet
698 1592 972 1641 Burchardo
999 1592 1149 1658 gratia
1177 1592 1374 1641 domini.

479 1673 569 1719 Per
594 1670 797 1719 verbum
823 1670 952 1734 quod
978 1670 1060 1718 vix
1085 1676 1156 1720 est
1182 1670 1469 1737 intelligibile

414 1747 639 1796 confratri
664 1747 870 1813 precipit
894 1748 1141 1797 Remensis
1166 1749 1346 1814 patriae

415 1825 462 1873 in
487 1825 763 1875 Burchardo
790 1826 970 1874 fructus
996 1826 1166 1892 dignos
1192 1828 1396 1884 efficere,

414 1903 607 1963 electus,
638 1909 690 1952 ut
716 1904 922 1968 scripsit,
953 1904 993 1952 si
1021 1904 1081 1952 sit
1106 1905 1345 1954 canonice.

480 1981 554 2029 Hii
579 1982 763 2031 fructus
789 1981 1031 2047 quomodo
1058 1982 1243 2047 possint
1268 1982 1461 2049 intelligi

414 2059 561 2108 nescit
586 2060 878 2125 archipresul
904 2077 991 2109 nec
1017 2060 1312 2126 coepiscopi;

413 2154 506 2202 qua
532 2137 779 2186 occasione
801 2137 1062 2199 Burchardi
1088 2137 1269 2186 domini

413 2215 553 2281 longe
579 2215 779 2264 sacratio
806 2215 1026 2264 differtur
1050 2216 1172 2265 fieri.

478 2294 698 2342 Ceterum
722 2298 925 2358 propter
951 2293 1040 2342 hoc
1066 2294 1277 2343 mandati
1303 2295 1535 2360 presules,

413 2369 494 2434 qui
520 2377 719 2420 noscunt
745 2374 981 2420 Romanas
1007 2377 1134 2421 artes
1156 2372 1455 2438 multiplices,

414 2447 649 2508 dubitant,
678 2455 725 2498 et
750 2455 908 2498 tamen
934 2451 1186 2500 consulunt
1210 2451 1412 2500 firmiter

413 2532 466 2575 ut
490 2526 590 2576 sine
616 2526 761 2576 dubio
785 2527 1110 2577 Burchardum
1137 2535 1400 2578 consecret.

570 2688 653 2731 De
684 2688 1105 2733 consecratione
1138 2690 1277 2744 ejus.

479 2837 604 2900 Ergo
629 2835 809 2884 consilii
835 2836 947 2885 dato
973 2837 1232 2886 munimine
