2092 3490
486 353 540 387 174

547 446 574 490 (ἔξ

511 1983 569 2028 40

509 2289 559 2335 Μ

508 2597 568 2645 ’12

1117 353 1252 386 GESTA

836 441 895 490 de
919 442 1253 490 Premonstrati
1280 442 1443 491 ordine

771 523 935 567 notum
955 535 1015 566 ex
1038 518 1258 583 opinione

769 594 981 643 litteralis
1005 594 1226 643 scientiae

770 678 816 720 et
840 671 951 719 fidei
975 672 1245 721 catholicae.

834 748 1083 797 Electionis
1104 749 1284 798 actibus

767 826 895 874 favet
915 817 1294 891 archiepiscopus
1323 843 1333 873 z

768 903 891 952 favet
914 908 1071 952 tamen
1095 903 1183 952 sub
1207 902 1377 951 talibus

767 997 928 1029 rerum
953 980 1297 1029 conditionibus

833 1058 995 1106 electio
1019 1063 1072 1106 ut
1095 1064 1280 1106 maneat

767 1140 815 1183 et
838 1139 939 1183 rata
963 1135 1024 1183 sit
1047 1151 1106 1183 ne
1130 1139 1292 1200 pereat

767 1211 807 1260 si
831 1211 979 1260 cesari
1002 1212 1092 1260 hoc
1115 1211 1311 1276 placeat,

766 1305 874 1338 cum
898 1289 999 1337 fieri
1025 1306 1118 1337 non
1143 1289 1295 1337 valeat

830 1366 918 1414 nisi
942 1366 1043 1430 ipse
1067 1365 1326 1414 laudaverit

765 1447 813 1491 et
837 1443 1037 1491 electum
1059 1442 1292 1507 receperit

767 1519 902 1584 eique
925 1520 1102 1568 donum
1126 1519 1289 1568 fecerit

765 1603 818 1645 ut
841 1596 998 1662 regius
1024 1596 1151 1645 mos1
1179 1596 1342 1662 exigit.

830 1678 959 1723 Tunc
982 1673 1049 1722 sic
1074 1673 1192 1722 facta
1216 1673 1379 1722 electio

765 1769 792 1799 a
813 1751 938 1799 clero
963 1756 1103 1815 atque
1127 1751 1306 1816 populo

765 1827 1084 1876 manifestatur
1106 1827 1212 1878 ilico

765 1905 855 1969 ipsi
879 1905 979 1970 regi
1003 1905 1222 1954 Lothario

831 1997 916 2045 per
942 1981 1119 2046 legatos
1143 1981 1340 2030 idoneos

766 2057 886 2106 duos
911 2057 1105 2106 abbates
1129 2057 1335 2122 optimos

766 2134 825 2183 de
851 2141 1011 2183 sancto
1036 2135 1228 2199 quidem
1252 2134 1480 2184 Autberto
1515 2155 1517 2157 ’

766 2216 813 2259 et
837 2212 1060 2276 Sepulcro
1087 2211 1396 2260 sanctissimo.

828 2287 919 2336 Sed
943 2288 1136 2335 retentis
1161 2287 1423 2344 abbatibus,

764 2380 896 2412 cesar
921 2364 1330 2413 Cameracensibus

763 2441 955 2489 mandat
979 2440 1107 2504 quod
1133 2440 1192 2489 de
1218 2438 1540 2488 claustralibus

764 2534 912 2566 nemo·
926 2517 1086 2582 presul
1111 2517 1200 2565 erit
1224 2533 1353 2565 suus.

828 2598 944 2643 Nam
967 2594 1146 2659 imponi
1171 2594 1272 2642 vult
1296 2594 1530 2642 neminem

763 2671 996 2721 Cameraci
1020 2671 1290 2736 pontificem

520 2838 553 2873 1.
581 2848 669 2874 mos.
693 2837 798 2874 Dans
819 2836 853 2874 le
872 2848 944 2874 ms,
966 2848 1062 2873 mom.
