2092 3490
841 359 1067 394 GALOHERI.
1622 357 1662 392 73

541 449 816 514 utrobique¹
845 450 1136 516 congregati,

247 527 344 580 422
604 527 729 576 inter
753 543 917 593 regem
941 533 989 576 et
1013 527 1227 586 militem,

538 605 663 655 inter
686 622 912 672 magnum
937 610 984 655 et
1007 605 1233 655 humilem

538 700 627 749 per
650 682 907 732 maximam
931 683 1236 749 prudentiam

540 760 796 810 restituunt
819 760 1171 810 concordiam2.

245 837 342 890 423
604 843 745 888 Facto
771 839 928 904 palam
951 838 1163 887 hominio

533 916 660 982 jurat
684 915 921 966 Robertus
946 916 1164 974 Henrico,

539 994 775 1060 promittit
799 994 934 1042 miles
956 993 1150 1043 domino

541 1072 651 1137 quia
675 1071 829 1121 fidelis
853 1071 1026 1120 amodo

243 1147 341 1200 424
603 1166 755 1215 regno
775 1149 877 1215 ejus
904 1149 1142 1198 exstiterit

535 1232 584 1276 et
608 1227 889 1276 Galcherum
914 1227 1182 1285 honorabit,

538 1305 684 1354 immo
709 1321 820 1354 eum
846 1304 1129 1354 sustentabit

538 1388 703 1432 contra
728 1399 1076 1449 quemcumque
1101 1384 1293 1448 poterit.

242 1459 339 1511 425
601 1463 669 1510 De
693 1460 835 1519 villis,
865 1461 926 1510 de
951 1461 1176 1510 altaribus

535 1554 657 1602 quae
681 1542 792 1586 sunt
815 1537 865 1585 in
890 1538 987 1587 suis
1011 1538 1228 1603 partibus

536 1615 768 1681 precipiet
793 1616 1004 1665 securius

537 1692 626 1742 sibi
651 1693 868 1742 conferre
893 1693 1126 1743 redditus.

243 1767 340 1820 426
604 1771 736 1836 Capti
762 1772 985 1836 utrinque
1011 1772 1147 1821 liberi

536 1848 804 1898 redduntur
827 1850 945 1916 regi,
976 1850 1154 1908 comiti,

534 1931 582 1975 et
606 1927 850 1991 presulem
874 1928 1087 1992 oportuit

534 2002 736 2054 liberare
760 2021 882 2070 quos
905 2005 1088 2054 habuit.

239 2081 335 2133 427
599 2083 829 2148 Utrinque
854 2101 949 2148 pax
976 2083 1250 2133 extenditur

536 2166 584 2209 et
601 2161 827 2227 juvamen
852 2161 900 2209 in
925 2161 1147 2210 omnibus

534 2254 563 2285 a
586 2238 758 2287 comite
783 2238 1078 2303 promittitur

531 2315 648 2364 viris
674 2316 1108 2365 Cameracensibus.

287 2458 320 2494 1.
347 2458 554 2504 utrobique.
577 2457 686 2495 Dans
705 2457 740 2496 le
759 2469 833 2495 ms.
856 2459 886 2496 il
911 2472 937 2508 y
963 2460 1067 2498 avait
1091 2459 1246 2498 d'abord
1272 2465 1438 2506 utroque.
1469 2458 1525 2496 La
1551 2458 1661 2505 leeon

237 2518 431 2564 utrobique
453 2522 512 2555 est
531 2517 605 2555 due
625 2517 648 2554 a
665 2529 721 2555 un
740 2524 971 2557 eorrecteur.

283 2577 319 2615 2.
347 2577 455 2615 Cette
474 2576 764 2616 reconciliation
785 2583 850 2616 eut
868 2579 947 2617 lieu
971 2580 1004 2618 le
1023 2580 1070 2618 29
1086 2580 1174 2629 juin
1195 2581 1308 2628 1103,
1338 2591 1386 2617 au
1416 2578 1660 2626 temoignage

237 2635 284 2674 de
304 2636 469 2674 l’auteur
488 2638 778 2685 contemporain
798 2649 926 2676 connu
945 2650 1035 2676 sous
1055 2639 1090 2677 le
1110 2650 1201 2677 nom
1221 2639 1268 2677 de
1282 2638 1515 2676 l'Annaliste
1531 2637 1661 2674 Saxon

237 2695 395 2743 (Annal.
432 2696 541 2745 Sax.,
571 2708 609 2745 p.
644 2697 740 2744 738).
774 2698 830 2735 La
860 2700 988 2736 meme
1020 2699 1144 2736 annee
1174 2705 1233 2736 est
1265 2697 1449 2747 marquee
1480 2696 1577 2734 dans
1603 2695 1660 2734 les

237 2755 412 2794 Annales
439 2755 486 2793 de
511 2756 628 2805 Liege
650 2757 760 2803 (Mon.
787 2758 924 2804 Germ.⁷
957 2757 1028 2795 SS.
1058 2762 1152 2796 tom.
1182 2758 1252 2804 IV,
1284 2770 1321 2806 p.
1350 2757 1423 2806 29),
1453 2756 1500 2794 de
1527 2755 1659 2793 Saint-

237 2814 394 2853 Amand
423 2815 542 2862 (Ibid.,
574 2820 603 2854 t.
627 2815 678 2862 V,
707 2828 744 2865 p.
775 2817 831 2864 14)
860 2822 898 2854 et
923 2816 1305 2865 d'Aix-la-Chapelle
1334 2818 1454 2862 (Ibid.,
1484 2820 1511 2853 t.
1543 2814 1658 2862 XVI,

238 2886 276 2923 p.
291 2875 389 2923 685),
407 2875 507 2914 ainsi
527 2887 602 2926 que
620 2875 716 2914 dans
732 2876 908 2925 Sigehert·
925 2876 972 2915 de
986 2877 1201 2915 Gembloux
1221 2869 1345 2921 (mid.)
1368 2881 1395 2913 t.
1414 2875 1483 2923 VI,
1505 2887 1541 2924 p.
1559 2875 1656 2920 368).
