2092 3490
501 359 541 391 68
1131 358 1266 391 GESTA

792 452 838 494 et
861 463 948 510 per
973 446 1113 494 stulta
1138 445 1328 494 consilia

790 539 986 589 regnum
1011 538 1149 571 suum
1173 522 1408 572 invaserat

791 606 837 647 et
861 599 981 647 male
1007 598 1334 663 dissipaverat.

502 679 584 724 391
853 679 954 725 Rex
979 693 1094 741 ergo
1119 676 1240 725 sicut
1264 677 1441 741 equitat

789 769 897 802 cum
921 753 1067 819 regali
1091 753 1255 802 militia

790 830 964 879 cadunt
987 835 1095 879 ante
1120 847 1171 880 se
1196 831 1383 880 castella

788 907 835 955 vi
861 914 941 957 aut
964 908 1134 957 timore
1159 908 1332 957 omnia.

501 986 594 1035 392
855 985 1033 1034 Cadunt
1059 985 1267 1050 quinque
1290 1002 1379 1050 per
1403 1001 1669 1044 numerum,
1727 977 1734 986 ’

788 1060 1004 1109 videlieet
1028 1061 1362 1120 Marchonium,

789 1138 969 1187 Paluels
993 1144 1039 1186 et
1064 1138 1287 1196 Inceium,

789 1214 976 1264 Esclusa
1002 1221 1049 1264 et
1073 1215 1392 1264 Bulchenium.

502 1294 593 1339 393
854 1291 945 1340 Sed
968 1292 1165 1342 Exclusa
1189 1293 1254 1351 vi,
1284 1293 1477 1351 assultu,

790 1385 919 1427 ense,
948 1369 1055 1435 igne
1080 1371 1411 1429 consternitur,

789 1445 971 1503 occisis,
1000 1447 1148 1511 captis
1172 1447 1386 1511 pluribus

789 1521 849 1570 de
875 1522 1058 1571 comitis
1082 1523 1347 1572 militibus1.

502 1598 594 1646 394
854 1599 1113 1648 Transisset
1137 1616 1222 1648 rex
1246 1600 1432 1649 inantea

789 1675 877 1724 nisi
902 1676 1035 1740 equis
1061 1677 1294 1725 contraria

788 1757 911 1801 esset
934 1759 1089 1801 terrae
1114 1753 1342 1819 fragilitas

789 1835 836 1877 et
859 1829 1042 1894 hyemis
1066 1830 1295 1894 asperitas
1325 1848 1337 1888 3

501 1907 593 1953 395
853 1911 901 1954 et
923 1911 1081 1955 tantus
1104 1923 1222 1972 grex
1247 1906 1437 1955 militiae

789 1999 883 2031 non
906 1989 1094 2047 poterat
1117 1984 1327 2047 equitare

499 2136 612 2182 paute
639 2134 788 2172 d'Alost
815 2140 853 2173 et
881 2136 983 2173 aussi
1011 2147 1105 2184 pour
1133 2136 1315 2186 quelques
1343 2142 1459 2174 terres
1487 2136 1629 2174 situees
1657 2146 1723 2173 sur
1752 2135 1789 2173 la
1820 2135 1899 2174 rive

498 2194 643 2242 gauehe
671 2194 719 2231 de
750 2195 915 2232 l’Escaut
945 2195 1001 2241 (le
1033 2207 1126 2244 pays
1154 2196 1201 2233 de
1226 2195 1348 2233 Waes
1377 2200 1414 2232 et
1442 2195 1498 2232 les
1525 2193 1897 2242 Quatre-Metiers)‚

498 2253 702 2302 conquises
720 2264 765 2290 au
788 2262 829 2290 xe
849 2254 962 2292 siecle
981 2266 1048 2302 par
1067 2254 1292 2301 l'empereur
1310 2254 1439 2292 Othon
1458 2254 1494 2292 le
1514 2253 1655 2291 Grand.

546 2312 578 2348 1.
608 2311 661 2349 La
681 2311 898 2361 Chronique
917 2313 964 2350 de
985 2314 1103 2350 Prum
1122 2314 1248 2351 donne
1273 2325 1322 2350 au
1347 2314 1445 2361 sujet
1469 2312 1536 2350 des
1563 2317 1768 2360 avantages
1795 2324 1898 2351 rem-

498 2370 622 2419 portes
643 2382 709 2419 par
727 2371 953 2420 l'empereur
977 2373 1161 2421 quelques
1187 2373 1321 2409 details
1340 2373 1454 2421 qu’on
1479 2383 1528 2409 ne
1554 2377 1686 2409 trouve
1710 2382 1778 2420 pas
1804 2371 1900 2409 dans

497 2429 553 2466 les
568 2434 696 2467 autres
716 2430 940 2468 documents
956 2431 1259 2479 contemporains
1276 2443 1284 2468 :
1300 2433 1495 2468 Heinricus
1508 2434 1720 2477 imperator,
1737 2430 1898 2478 dit-elle,

499 2500 582 2525 cum
609 2493 769 2527 exercitu
795 2494 933 2527 terram
960 2493 1113 2537 Ruperti
1138 2494 1279 2528 comitis
1303 2493 1539 2528 Flandrensis
1568 2490 1899 2535 intrat‚‘castrum

497 2550 649 2585 Bolzain
677 2560 760 2585 cum
787 2553 916 2587 multis
942 2553 1030 2587 aliis
1058 2553 1214 2587 castellis
1234 2553 1331 2596 capit
1351 2555 1383 2586 et
1408 2552 1572 2586 incendit
1590 2554 1623 2587 et
1641 2552 1899 2596 firmissimum

497 2611 660 2644 castrum
674 2609 840 2645 Sctusam
859 2613 1043 2655 eoepuqnat
1062 2613 1095 2646 et
1113 2611 1287 2653 incendit,
1307 2612 1434 2646 multis
1448 2612 1562 2655 captis
1575 2613 1608 2646 et
1615 2612 1746 2656 paucis
1759 2611 1895 2647 occisis.

494 2667 674 2711 Rupertus
686 2669 858 2703 victoriae
871 2668 1106 2713 Imperatoris
1121 2669 1299 2711 invidens,
1314 2678 1382 2703 sua
1395 2670 1469 2713 ipse
1482 2669 1736 2703 munitissima
1750 2668 1898 2703 castella

493 2726 684 2769 comburit,
706 2728 841 2762 scilicet
859 2727 950 2769 Inci,
974 2728 1177 2772 Bapalmas‚
1209 2728 1358 2770 Demeis‚
1380 2727 1564 2769 Marcoin,
1593 2737 1686 2772 quae
1710 2728 1785 2772 ipse
1811 2736 1898 2762 con-

491 2786 679 2821 struxerat
698 2788 825 2822 contra
839 2785 1076 2822 Camaracum
1089 2786 1245 2829 (Recueil
1264 2786 1323 2822 des
1342 2786 1480 2822 Hister.
1500 2787 1542 2822 de
1560 2787 1710 2831 Franco,
1732 2789 1760 2823 t.
1778 2783 1892 2831 xm,

492 2852 529 2889 p.
547 2841 643 2885 727).
