2092 3490
283 564 343 612 ⁴3

284 871 347 922 44

286 1184 347 1231 ⁴5

288 1495 350 1543 ⁴6

289 2047 350 2094 ⁴7

293 2361 354 2408 ⁴8

293 2672 354 2718 ⁴9

861 313 1046 348 NICOLAI.

542 406 630 455 nisi
654 405 735 471 qui
761 404 912 470 possit
936 404 1192 453 marchiam

541 488 589 532 et
613 483 733 532 hanc
755 478 880 531 tueri
905 481 1126 547 patriam.

605 560 744 610 Plebs
769 576 886 627 ergo
907 559 1257 610 Cameracensis

541 654 832 705 cognoscens
854 637 976 687 velle
997 637 1190 698 cesaris,

541 716 706 783 legatis
730 715 891 765 missis
915 715 1018 764 aliis

544 810 654 843 cum
679 793 891 860 sigillatis
913 792 1102 852 litteris,

609 871 874 921 concedunt
897 871 1023 921 votis
1048 870 1269 920 omnibus

541 954 595 999 ut
619 948 679 998 ab
704 948 794 998 illis
818 947 1072 997 abbatibus

543 1033 650 1076 ante
674 1043 838 1092 regem
862 1026 1164 1091 presentibus

543 1105 743 1171 eligatur
767 1103 1022 1169 episcopus

610 1188 658 1231 et
681 1181 865 1232 Ottonis
890 1181 950 1232 de
974 1198 1178 1246 persona

546 1265 727 1310 cassata
752 1260 814 1309 sit
835 1260 1084 1319 memoria,

547 1356 668 1406 quae
692 1355 788 1388 non
812 1338 901 1388 fuit
924 1338 1163 1387 nominata

545 1417 633 1466 nisi
659 1416 921 1483 cum'regis
942 1416 1110 1483 gratia.

611 1497 714 1544 Rex
737 1494 828 1543 hoc
852 1499 1006 1543 totum
1030 1493 1274 1559 prohibuit

546 1577 594 1621 et
618 1572 879 1638 prohibens
904 1571 1135 1629 destituit,

547 1650 658 1715 quia
682 1650 812 1715 quod
838 1667 942 1700 esse
968 1649 1118 1699 noluit

548 1734 706 1778 ratum
731 1734 856 1778 stare
879 1745 973 1778 non
1000 1727 1181 1777 debuit.

481 1892 563 1936 De
595 1891 864 1936 electione
895 1891 1150 1936 Nicholai
1183 1891 1443 1946 episcopi.

613 2047 742 2094 Tunc
767 2061 853 2093 rex
878 2050 979 2093 erat
1003 2044 1286 2111 Aquisgrani

549 2123 598 2171 in
623 2129 785 2172 sancto
811 2124 986 2189 pascha
1010 2122 1215 2182 Domini,

550 2201 599 2250 in
624 2201 700 2250 die
726 2201 920 2266 quidem
943 2201 1117 2250 celebri

552 2279 725 2328 letitiae
749 2285 798 2328 et
820 2279 978 2346 gaudii
1008 2297 1018 2327 :

616 2357 699 2407 ubi
723 2357 868 2407 duces
893 2363 940 2407 et
964 2357 1162 2406 comites

554 2440 873 2484 convenerant
895 2441 942 2484 et
965 2434 1207 2500 principes

552 2513 781 2578 multique
804 2513 896 2561 viri
921 2513 1109 2572 divites,

551 2591 747 2640 abbates
769 2596 817 2640 et
840 2591 1106 2657 pontifices.

616 2669 722 2718 Fuit
746 2669 996 2718 cardinalis
1021 2669 1215 2734 quidam

554 2746 615 2796 ad
639 2747 759 2796 hanc
783 2747 983 2796 eandem
1008 2747 1204 2804 curiam,

555 2830 748 2890 paratus
774 2825 831 2874 ad
859 2825 1194 2875 consulendam

1608 317 1665 350 175
