2092 3490
470 356 530 390 236
1102 356 1237 389 GESTA

760 445 934 494 malum
959 449 1176 493 occurrat
1200 444 1377 494 simile.·

778 603 859 646 De
891 612 1027 656 pace
1057 602 1216 645 nobis
1245 602 1558 647 reformata.

471 736 565 787 428
827 737 936 783 Post
961 734 1046 783 hos
1072 735 1278 784 infelices
1302 751 1438 784 casus

758 811 962 860 occurrit
987 812 1178 876 quidam
1203 812 1394 860 nuntius

756 888 916 938 dicens
941 888 1069 953 quod
1095 895 1196 937 erat
1219 895 1435 938 mortuus

756 966 1013 1031 imperator
1038 965 1307 1015 Lotharius¹

462 1044 557 1096 429
819 1049 866 1092 et
890 1043 1131 1092 Conradus
1157 1049 1443 1092 successerat

754 1120 814 1171 de
840 1120 987 1185 stirpe
1013 1125 1149 1169 natus
1175 1120 1304 1186 regia

752 1197 927 1246 electus
951 1197 1032 1246 Dei
1058 1197 1207 1262 gratia

752 1274 811 1323 ad
836 1275 971 1340 regni
995 1274 1327 1340 gubernacula.

461 1351 555 1400 430
818 1352 904 1411 Qui
928 1351 1121 1400 audiens
1145 1350 1415 1416 pestiferam

751 1429 962 1478 extitisse
987 1428 1273 1477 discordiam

750 1506 873 1555 inter
897 1505 1024 1555 cives
1050 1511 1098 1554 et
1121 1505 1376 1570 presulem,

535 1623 544 1628 ς
751 1583 811 1632 ad
836 1600 969 1632 suam
994 1583 1097 1631 illos
1122 1582 1300 1631 curiam

459 1659 544 1710 431
816 1660 1049 1726 proficisci
1075 1660 1365 1708 commonuit

749 1738 936 1788 Colonie
961 1754 1104 1802 quam
1128 1737 1279 1785 tenuit

748 1814 793 1862 in
820 1819 981 1863 sancto
1006 1814 1179 1878 pascha
1202 1813 1415 1862 Domini2

750 1891 811 1941 ad
836 1891 1138 1940 commodum
1162 1890 1366 1956 imperii.

457 1967 552 2018 432
812 1971 912 2017 Rex
938 1968 1062 2018 enim
1087 1968 1237 2017 factus
1262 1968 1446 2016 noviter

749 2046 849 2094 vult
874 2051 925 2094 ut
950 2062 1116 2111 pacem
1142 2046 1370 2094 stabiliter

745 2128 1027 2171 conservent
1052 2123 1186 2188 regni
1212 2122 1466 2187 principes,

745 2200 950 2264 episcopi
979 2206 1027 2248 et
1051 2200 1264 2249 comites.

454 2275 547 2324 433
810 2279 935 2342 Ergo
961 2276 1364 2326 Cameracensium

744 2359 851 2402 ante
876 2370 1036 2418 regem
1063 2353 1353 2417 presentium

746 2430 925 2479 audivit
948 2447 1033 2478 rex
1059 2430 1324 2488 discidium,

745 2506 1029 2555 discordiam
1052 2513 1100 2555 et
1125 2506 1302 2555 odium.

453 2583 549 2632 434
811 2583 965 2632 Primo
990 2589 1221 2631 monstrat
1245 2583 1495 2648 episeopus

500 2732 530 2767 1.
559 2731 803 2778 L'empereur
834 2730 1011 2768 Lothaire
1044 2735 1198 2768 mourut
1229 2730 1264 2767 le
1292 2731 1312 2768 3
1343 2710 1392 2767 ou
1420 2730 1455 2767 le
1487 2732 1506 2767 4
1536 2730 1734 2768 decembre
1765 2731 1852 2768 1137

453 2791 588 2846 (comp.
598 2790 661 2826 W.
672 2790 900 2836 Bernhardi,
912 2791 1047 2826 Lothar
1055 2801 1125 2826 von
1136 2790 1402 2836 Suppzinburq,
1415 2789 1583 2837 Leipzig,
1597 2790 1700 2836 1879,
1710 2801 1745 2837 p.
1757 2789 1849 2837 786).

498 2848 532 2885 ι2.
561 2848 616 2886 La
636 2849 709 2886 sete
729 2849 775 2886 de
796 2850 946 2898 Paques
966 2849 1095 2886 tomba
1115 2860 1163 2886 en
1185 2849 1274 2886 1138
1295 2860 1343 2886 au
1364 2850 1384 2886 3
1404 2849 1512 2886 avril.
