2092 3490
502 379 558 414 148

526 700 577 749 44

521 1244 584 1295 42

519 1551 581 1598 43

518 1857 580 1904 44

514 2164 575 2212 45

512 2471 574 2518 46

512 2778 572 2825 47

1125 378 1260 411 GESTA

690 474 828 531 atque
853 466 1096 514 introitum
1122 483 1257 515 suum
1283 468 1514 532 vituperat

689 551 736 594 et
757 543 1081 592 rectitudinem
1106 544 1225 592 tollit
1249 561 1390 609 quam
1414 544 1619 610 postulat

688 622 836 669 donec
860 621 1109 685 imperium
1133 638 1255 686 pape
1279 622 1488 687 recipiat.

751 702 1017 746 Frustratus
1042 698 1215 746 electus
1241 699 1461 763 suspirat,
1491 699 1679 764 cogitat,

686 775 858 833 studet,
887 775 1113 834 innititur,
1142 775 1314 840 querit,
1339 776 1597 842 interrogat

685 851 798 916 quid
823 852 911 900 sibi
936 852 1101 900 melius
1125 868 1264 917 agere
1290 852 1459 911 valeat,

684 944 791 976 cum
816 927 858 976 ei
883 944 973 993 pro
997 927 1122 976 bono
1148 927 1211 976 nil
1239 927 1350 976 boni
1375 927 1547 977 veniat.

700 1097 782 1140 De
813 1097 1086 1151 legatione
1120 1098 1190 1140 ad
1220 1106 1418 1150 papam
1449 1097 1675 1141 directa..

747 1243 920 1294 Videns
945 1243 1214 1291 aecclesiam
1240 1247 1449 1291 sanctam
1473 1242 1683 1312 dividere

682 1326 986 1383 sanctumque
1011 1320 1225 1369 ordinem
1250 1319 1338 1368 sub
1363 1320 1655 1368 anathemate

679 1397 880 1445 aufferre
905 1397 1065 1460 precio
1090 1402 1230 1462 atque
1254 1396 1504 1455 redimere,

679 1474 840 1538 precio
863 1474 1005 1522 etiam
1029 1480 1194 1523 cuncta
1219 1475 1488 1539 disponere,

711 1603 720 1609 ,
745 1551 985 1615 linquendi
1010 1551 1166 1599 omnia
1190 1552 1307 1600 velle
1333 1551 1644 1616 depromitur,

681 1626 787 1674 inde
813 1627 1042 1675 confessio
1069 1627 1168 1692 ejus
1193 1628 1456 1676 ostenditur
1485 1646 1494 1675 :

680 1720 774 1751 non
801 1703 925 1751 enim
949 1703 1050 1751 vult
1073 1704 1197 1752 mori
1221 1710 1268 1751 et
1291 1710 1494 1752 mortem
1518 1705 1695 1769 patitur

680 1786 726 1828 et
750 1797 915 1844 pacem
941 1780 1153 1844 querenti
1180 1798 1274 1845 pax
1299 1781 1387 1830 sibi
1411 1781 1605 1830 tollitur.

743 1860 812 1905 Ex
837 1857 955 1905 velle
979 1857 1174 1921 proprio
1199 1858 1376 1906 mavult
1400 1858 1635 1907 dimittere

677 1933 834 1981 omnia
858 1950 1000 1998 quam
1025 1950 1157 1982 suam
1183 1935 1386 1983 animam
1409 1936 1628 1999 perdere,

677 2011 905 2059 honorem
930 2011 1155 2059 traditum
1180 2012 1327 2077 magis
1352 2018 1642 2077 postponere

676 2104 818 2152 quam
842 2088 931 2136 iter
955 2088 1135 2153 ingredi
1160 2089 1326 2137 mortis
1351 2095 1622 2154 perpetuae.

740 2169 936 2215 Veretur
960 2166 1190 2224 homines,
1219 2166 1301 2214 sed
1327 2167 1476 2232 magis
1501 2167 1768 2226 Dominum,

674 2258 868 2305 presens
894 2241 1036 2290 decus
1062 2248 1203 2300 amat,
1233 2243 1315 2290 sed
1339 2243 1446 2307 plus
1471 2249 1754 2308 perpetuum

675 2324 722 2365 et
746 2317 869 2366 istud
893 2323 940 2365 et
965 2318 1075 2366 illud
1102 2319 1229 2382 quod
1255 2324 1437 2367 constat
1459 2319 1680 2368 nichilum

672 2411 868 2458 prorsus
893 2395 1108 2443 omittere
1129 2395 1229 2444 vult
1252 2402 1449 2460 propter
1474 2397 1740 2446 Dominum.

738 2476 787 2519 In
813 2470 956 2519 rebus
981 2472 1194 2536 plurimis
1219 2472 1423 2521 volvitur
1447 2473 1646 2532 animus,

671 2548 762 2597 huc
785 2548 893 2597 illuc
917 2548 1115 2597 vertitur
1138 2565 1226 2613 per
1251 2556 1416 2598 cuncta
1439 2550 1670 2614 trepidus,

671 2625 847 2689 quippe
872 2625 946 2674 cui
972 2642 1065 2673 non
1090 2632 1161 2674 est
1185 2626 1472 2675 consiliarius

672 2703 751 2765 qui
777 2702 837 2750 sit
861 2702 1048 2767 negotio
1074 2703 1119 2750 in
1144 2703 1232 2751 hoc
1256 2703 1527 2752 fidissimus.

738 2782 789 2826 In
817 2780 915 2827 solo
940 2780 1137 2828 Domino
1162 2780 1294 2844 ponit
1320 2781 1564 2829 consilium

673 2856 751 2919 qui
778 2863 957 2905 certum
983 2857 1192 2906 tristibus
1217 2863 1396 2921 prestat
1421 2857 1654 2914 solatium,
