<?xml version="1.0" encoding="UTF-8"?>
<!DOCTYPE html PUBLIC "-//W3C//DTD XHTML 1.0 Transitional//EN"
    "http://www.w3.org/TR/xhtml1/DTD/xhtml1-transitional.dtd">
<html xmlns="http://www.w3.org/1999/xhtml" xml:lang="en" lang="en">
 <head>
  <title>
</title>
<meta http-equiv="Content-Type" content="text/html;charset=utf-8" />
  <meta name='ocr-system' content='tesseract 3.04.00' />
  <meta name='ocr-capabilities' content='ocr_page ocr_carea ocr_par ocr_line ocrx_word'/>
</head>
<body>
  <div class='ocr_page' id='page_1' title='image "./gestapontificumc00cambuoft_0217.png"; bbox 0 0 2092 3490; ppageno 0'>
   <div class='ocr_carea' id='block_1_1' title="bbox 236 590 330 638">
    <p class='ocr_par' dir='ltr' id='par_1_1' title="bbox 236 590 330 638">
     <span class='ocr_line' id='line_1_1' title="bbox 236 590 330 638; baseline -0.021 0"><span class='ocrx_word' id='word_1_1' title='bbox 236 590 330 638; x_wconf 78' lang='grc'><strong>165</strong></span> 
     </span>
    </p>
   </div>
   <div class='ocr_carea' id='block_1_2' title="bbox 235 978 329 1025">
    <p class='ocr_par' dir='ltr' id='par_1_2' title="bbox 235 978 329 1025">
     <span class='ocr_line' id='line_1_2' title="bbox 235 978 329 1025; baseline 0 0"><span class='ocrx_word' id='word_1_2' title='bbox 235 978 329 1025; x_wconf 90' lang='grc'>170</span> 
     </span>
    </p>
   </div>
   <div class='ocr_carea' id='block_1_3' title="bbox 235 1368 329 1415">
    <p class='ocr_par' dir='ltr' id='par_1_3' title="bbox 235 1368 329 1415">
     <span class='ocr_line' id='line_1_3' title="bbox 235 1368 329 1415; baseline 0 0"><span class='ocrx_word' id='word_1_3' title='bbox 235 1368 329 1415; x_wconf 85' lang='grc'>175</span> 
     </span>
    </p>
   </div>
   <div class='ocr_carea' id='block_1_4' title="bbox 234 1757 327 1805">
    <p class='ocr_par' dir='ltr' id='par_1_4' title="bbox 234 1757 327 1805">
     <span class='ocr_line' id='line_1_4' title="bbox 234 1757 327 1805; baseline 0 0"><span class='ocrx_word' id='word_1_4' title='bbox 234 1757 327 1805; x_wconf 90' lang='grc'>180</span> 
     </span>
    </p>
   </div>
   <div class='ocr_carea' id='block_1_5' title="bbox 234 2145 328 2192">
    <p class='ocr_par' dir='ltr' id='par_1_5' title="bbox 234 2145 328 2192">
     <span class='ocr_line' id='line_1_5' title="bbox 234 2145 328 2192; baseline -0.011 0"><span class='ocrx_word' id='word_1_5' title='bbox 234 2145 328 2192; x_wconf 87' lang='grc'><strong>185</strong></span> 
     </span>
    </p>
   </div>
   <div class='ocr_carea' id='block_1_6' title="bbox 236 2534 329 2581">
    <p class='ocr_par' dir='ltr' id='par_1_6' title="bbox 236 2534 329 2581">
     <span class='ocr_line' id='line_1_6' title="bbox 236 2534 329 2581; baseline -0.011 0"><span class='ocrx_word' id='word_1_6' title='bbox 236 2534 329 2581; x_wconf 88' lang='grc'><strong>190</strong></span> 
     </span>
    </p>
   </div>
   <div class='ocr_carea' id='block_1_7' title="bbox 816 338 1652 386">
    <p class='ocr_par' dir='ltr' id='par_1_7' title="bbox 816 338 1652 386">
     <span class='ocr_line' id='line_1_7' title="bbox 816 338 1652 386; baseline 0.001 -9"><span class='ocrx_word' id='word_1_7' title='bbox 816 338 1063 379; x_wconf 54' lang='lat' dir='ltr'><strong>mmmmm.</strong></span> <span class='ocrx_word' id='word_1_8' title='bbox 1594 352 1652 386; x_wconf 80' lang='lat'><strong>165</strong></span> 
     </span>
    </p>
   </div>
   <div class='ocr_carea' id='block_1_8' title="bbox 426 435 1648 2683">
    <p class='ocr_par' dir='ltr' id='par_1_8' title="bbox 426 435 1648 2683">
     <span class='ocr_line' id='line_1_8' title="bbox 430 435 1256 500; baseline 0.004 -17"><span class='ocrx_word' id='word_1_9' title='bbox 430 439 478 483; x_wconf 90' lang='lat' dir='ltr'><strong>et</strong></span> <span class='ocrx_word' id='word_1_10' title='bbox 502 449 668 499; x_wconf 88' lang='lat' dir='ltr'><strong>pacem</strong></span> <span class='ocrx_word' id='word_1_11' title='bbox 692 435 892 500; x_wconf 81' lang='lat' dir='ltr'><strong>requirit</strong></span> <span class='ocrx_word' id='word_1_12' title='bbox 915 440 963 485; x_wconf 92' lang='lat' dir='ltr'><strong>et</strong></span> <span class='ocrx_word' id='word_1_13' title='bbox 987 435 1256 486; x_wconf 85' lang='lat' dir='ltr'><strong>amicitiam.</strong></span> 
     </span>
     <span class='ocr_line' id='line_1_9' title="bbox 493 511 1512 580; baseline 0.007 -21"><span class='ocrx_word' id='word_1_14' title='bbox 493 511 611 560; x_wconf 91' lang='lat' dir='ltr'><strong>Hinc</strong></span> <span class='ocrx_word' id='word_1_15' title='bbox 635 517 770 577; x_wconf 89' lang='lat' dir='ltr'><strong>pater</strong></span> <span class='ocrx_word' id='word_1_16' title='bbox 794 513 1029 578; x_wconf 88' lang='lat' dir='ltr'><strong>Symonis,</strong></span> <span class='ocrx_word' id='word_1_17' title='bbox 1058 516 1193 580; x_wconf 81' lang='lat' dir='ltr'><strong>Hugo</strong></span> <span class='ocrx_word' id='word_1_18' title='bbox 1217 515 1512 575; x_wconf 89' lang='lat' dir='ltr'><strong>castellanus,</strong></span> 
     </span>
     <span class='ocr_line' id='line_1_10' title="bbox 429 589 1241 656; baseline 0.005 -20"><span class='ocrx_word' id='word_1_19' title='bbox 429 594 568 654; x_wconf 90' lang='lat' dir='ltr'><strong>capto</strong></span> <span class='ocrx_word' id='word_1_20' title='bbox 593 589 790 638; x_wconf 89' lang='lat' dir='ltr'><strong>consilio</strong></span> <span class='ocrx_word' id='word_1_21' title='bbox 815 606 926 639; x_wconf 92' lang='lat' dir='ltr'><strong>cum</strong></span> <span class='ocrx_word' id='word_1_22' title='bbox 951 591 1241 656; x_wconf 82' lang='lat' dir='ltr'><strong>sapientibus</strong></span> 
     </span>
     <span class='ocr_line' id='line_1_11' title="bbox 492 666 1339 733; baseline 0.006 -19"><span class='ocrx_word' id='word_1_23' title='bbox 492 666 608 716; x_wconf 87' lang='lat' dir='ltr'><strong>viris</strong></span> <span class='ocrx_word' id='word_1_24' title='bbox 630 668 868 717; x_wconf 90' lang='lat' dir='ltr'><strong>Cameraci</strong></span> <span class='ocrx_word' id='word_1_25' title='bbox 893 668 975 733; x_wconf 88' lang='lat' dir='ltr'><strong>qui</strong></span> <span class='ocrx_word' id='word_1_26' title='bbox 1001 685 1163 718; x_wconf 90' lang='lat' dir='ltr'><strong>secum</strong></span> <span class='ocrx_word' id='word_1_27' title='bbox 1188 670 1339 720; x_wconf 86' lang='lat' dir='ltr'><strong>ierant</strong></span> 
     </span>
     <span class='ocr_line' id='line_1_12' title="bbox 428 744 1420 812; baseline 0.005 -19"><span class='ocrx_word' id='word_1_28' title='bbox 428 744 658 794; x_wconf 88' lang='lat' dir='ltr'><strong>adversus</strong></span> <span class='ocrx_word' id='word_1_29' title='bbox 684 745 946 795; x_wconf 91' lang='lat' dir='ltr'><strong>Gerardum</strong></span> <span class='ocrx_word' id='word_1_30' title='bbox 972 763 1175 812; x_wconf 90' lang='lat' dir='ltr'><strong>eumque</strong></span> <span class='ocrx_word' id='word_1_31' title='bbox 1197 748 1420 808; x_wconf 89' lang='lat' dir='ltr'><strong>leserant,</strong></span> 
     </span>
     <span class='ocr_line' id='line_1_13' title="bbox 494 823 1354 889; baseline 0.005 -19"><span class='ocrx_word' id='word_1_32' title='bbox 494 823 660 871; x_wconf 85' lang='lat' dir='ltr'><strong>volens</strong></span> <span class='ocrx_word' id='word_1_33' title='bbox 682 828 734 872; x_wconf 90' lang='lat' dir='ltr'><strong>ut</strong></span> <span class='ocrx_word' id='word_1_34' title='bbox 759 840 848 889; x_wconf 91' lang='lat' dir='ltr'><strong>per</strong></span> <span class='ocrx_word' id='word_1_35' title='bbox 872 840 955 873; x_wconf 92' lang='lat' dir='ltr'><strong>eos</strong></span> <span class='ocrx_word' id='word_1_36' title='bbox 979 824 1063 874; x_wconf 89' lang='lat' dir='ltr'><strong>fiat</strong></span> <span class='ocrx_word' id='word_1_37' title='bbox 1084 826 1354 885; x_wconf 86' lang='lat' dir='ltr'><strong>concordia,</strong></span> 
     </span>
     <span class='ocr_line' id='line_1_14' title="bbox 428 899 1403 965; baseline 0.005 -17"><span class='ocrx_word' id='word_1_38' title='bbox 428 899 489 949; x_wconf 91' lang='lat' dir='ltr'><strong>ad</strong></span> <span class='ocrx_word' id='word_1_39' title='bbox 514 917 682 965; x_wconf 88' lang='lat' dir='ltr'><strong>pacem</strong></span> <span class='ocrx_word' id='word_1_40' title='bbox 706 901 910 951; x_wconf 85' lang='lat' dir='ltr'><strong>flectitur</strong></span> <span class='ocrx_word' id='word_1_41' title='bbox 932 902 1092 951; x_wconf 89' lang='lat' dir='ltr'><strong>statim</strong></span> <span class='ocrx_word' id='word_1_42' title='bbox 1117 904 1403 954; x_wconf 91' lang='lat' dir='ltr'><strong>communia.</strong></span> 
     </span>
     <span class='ocr_line' id='line_1_15' title="bbox 495 978 1378 1047; baseline 0.005 -20"><span class='ocrx_word' id='word_1_43' title='bbox 495 978 628 1027; x_wconf 85' lang='lat' dir='ltr'><strong>Unde</strong></span> <span class='ocrx_word' id='word_1_44' title='bbox 653 978 957 1045; x_wconf 82' lang='lat' dir='ltr'><strong>indignantur</strong></span> <span class='ocrx_word' id='word_1_45' title='bbox 981 980 1109 1045; x_wconf 94' lang='lat' dir='ltr'><strong>loqui</strong></span> <span class='ocrx_word' id='word_1_46' title='bbox 1134 981 1378 1047; x_wconf 89' lang='lat' dir='ltr'><strong>episcopo,</strong></span> 
     </span>
     <span class='ocr_line' id='line_1_16' title="bbox 428 1056 1236 1124; baseline 0.005 -20"><span class='ocrx_word' id='word_1_47' title='bbox 428 1056 676 1106; x_wconf 89' lang='lat' dir='ltr'><strong>credentes</strong></span> <span class='ocrx_word' id='word_1_48' title='bbox 699 1057 800 1106; x_wconf 90' lang='lat' dir='ltr'><strong>fieri</strong></span> <span class='ocrx_word' id='word_1_49' title='bbox 828 1074 923 1106; x_wconf 89' lang='lat' dir='ltr'><strong>non</strong></span> <span class='ocrx_word' id='word_1_50' title='bbox 949 1058 1049 1107; x_wconf 91' lang='lat' dir='ltr'><strong>sine</strong></span> <span class='ocrx_word' id='word_1_51' title='bbox 1075 1059 1236 1124; x_wconf 90' lang='lat' dir='ltr'><strong>precio</strong></span> 
     </span>
     <span class='ocr_line' id='line_1_17' title="bbox 493 1134 1477 1203; baseline 0.005 -20"><span class='ocrx_word' id='word_1_52' title='bbox 493 1134 533 1183; x_wconf 91' lang='lat' dir='ltr'><strong>si</strong></span> <span class='ocrx_word' id='word_1_53' title='bbox 556 1134 731 1184; x_wconf 82' lang='lat' dir='ltr'><strong>vellent</strong></span> <span class='ocrx_word' id='word_1_54' title='bbox 755 1153 843 1200; x_wconf 91' lang='lat' dir='ltr'><strong>per</strong></span> <span class='ocrx_word' id='word_1_55' title='bbox 864 1153 974 1185; x_wconf 89' lang='lat' dir='ltr'><strong>eum</strong></span> <span class='ocrx_word' id='word_1_56' title='bbox 999 1153 1165 1201; x_wconf 90' lang='lat' dir='ltr'><strong>pacem</strong></span> <span class='ocrx_word' id='word_1_57' title='bbox 1191 1154 1477 1203; x_wconf 90' lang='lat' dir='ltr'><strong>componere</strong></span> 
     </span>
     <span class='ocr_line' id='line_1_18' title="bbox 427 1211 1335 1265; baseline 0.006 -5"><span class='ocrx_word' id='word_1_58' title='bbox 427 1211 489 1260; x_wconf 91' lang='lat' dir='ltr'><strong>de</strong></span> <span class='ocrx_word' id='word_1_59' title='bbox 513 1211 690 1262; x_wconf 90' lang='lat' dir='ltr'><strong>damno</strong></span> <span class='ocrx_word' id='word_1_60' title='bbox 714 1213 876 1262; x_wconf 87' lang='lat' dir='ltr'><strong>audito</strong></span> <span class='ocrx_word' id='word_1_61' title='bbox 902 1221 949 1262; x_wconf 89' lang='lat' dir='ltr'><strong>et</strong></span> <span class='ocrx_word' id='word_1_62' title='bbox 973 1214 1097 1263; x_wconf 86' lang='lat' dir='ltr'><strong>facto</strong></span> <span class='ocrx_word' id='word_1_63' title='bbox 1122 1216 1335 1265; x_wconf 89' lang='lat' dir='ltr'><strong>crimine.</strong></span> 
     </span>
     <span class='ocr_line' id='line_1_19' title="bbox 493 1290 1460 1361; baseline 0.007 -23"><span class='ocrx_word' id='word_1_64' title='bbox 493 1290 615 1349; x_wconf 83' lang='lat' dir='ltr'><strong>Quid</strong></span> <span class='ocrx_word' id='word_1_65' title='bbox 640 1307 774 1357; x_wconf 84' lang='lat' dir='ltr'><strong>ergo,</strong></span> <span class='ocrx_word' id='word_1_66' title='bbox 802 1297 856 1340; x_wconf 89' lang='lat' dir='ltr'><strong>ut</strong></span> <span class='ocrx_word' id='word_1_67' title='bbox 881 1292 1027 1351; x_wconf 88' lang='lat' dir='ltr'><strong>audit,</strong></span> <span class='ocrx_word' id='word_1_68' title='bbox 1058 1293 1164 1342; x_wconf 77' lang='lat' dir='ltr'><strong>fecit</strong></span> <span class='ocrx_word' id='word_1_69' title='bbox 1191 1295 1460 1361; x_wconf 90' lang='lat' dir='ltr'><strong>episcopus,</strong></span> 
     </span>
     <span class='ocr_line' id='line_1_20' title="bbox 428 1366 1438 1429; baseline 0.006 -13"><span class='ocrx_word' id='word_1_70' title='bbox 428 1366 599 1425; x_wconf 86' lang='lat' dir='ltr'><strong>adhuc,</strong></span> <span class='ocrx_word' id='word_1_71' title='bbox 628 1368 776 1417; x_wconf 82' lang='lat' dir='ltr'><strong>velint</strong></span> <span class='ocrx_word' id='word_1_72' title='bbox 800 1370 965 1429; x_wconf 86' lang='lat' dir='ltr'><strong>nolint,</strong></span> <span class='ocrx_word' id='word_1_73' title='bbox 995 1387 1162 1419; x_wconf 90' lang='lat' dir='ltr'><strong>eorum</strong></span> <span class='ocrx_word' id='word_1_74' title='bbox 1188 1371 1438 1422; x_wconf 81' lang='lat' dir='ltr'><strong>dominus?</strong></span> 
     </span>
     <span class='ocr_line' id='line_1_21' title="bbox 492 1447 1648 1512; baseline 0.006 -18"><span class='ocrx_word' id='word_1_75' title='bbox 492 1447 715 1505; x_wconf 85' lang='lat' dir='ltr'><strong>Quamvis</strong></span> <span class='ocrx_word' id='word_1_76' title='bbox 732 1464 823 1512; x_wconf 93' lang='lat' dir='ltr'><strong>pro</strong></span> <span class='ocrx_word' id='word_1_77' title='bbox 838 1448 925 1496; x_wconf 88' lang='lat' dir='ltr'><strong>hac</strong></span> <span class='ocrx_word' id='word_1_78' title='bbox 940 1465 1098 1498; x_wconf 87' lang='lat' dir='ltr'><strong>werra</strong></span> <span class='ocrx_word' id='word_1_79' title='bbox 1115 1466 1165 1497; x_wconf 91' lang='lat' dir='ltr'><strong>se</strong></span> <span class='ocrx_word' id='word_1_80' title='bbox 1183 1450 1302 1498; x_wconf 84' lang='lat' dir='ltr'><strong>non1</strong></span> <span class='ocrx_word' id='word_1_81' title='bbox 1319 1452 1648 1511; x_wconf 89' lang='lat' dir='ltr'><strong>commoverit,</strong></span> 
     </span>
     <span class='ocr_line' id='line_1_22' title="bbox 427 1522 1337 1588; baseline 0.007 -17"><span class='ocrx_word' id='word_1_82' title='bbox 427 1522 513 1572; x_wconf 88' lang='lat' dir='ltr'><strong>sed</strong></span> <span class='ocrx_word' id='word_1_83' title='bbox 537 1540 691 1588; x_wconf 91' lang='lat' dir='ltr'><strong>neque</strong></span> <span class='ocrx_word' id='word_1_84' title='bbox 716 1525 889 1574; x_wconf 85' lang='lat' dir='ltr'><strong>milites</strong></span> <span class='ocrx_word' id='word_1_85' title='bbox 914 1526 976 1574; x_wconf 96' lang='lat' dir='ltr'><strong>ob</strong></span> <span class='ocrx_word' id='word_1_86' title='bbox 1002 1526 1092 1575; x_wconf 91' lang='lat' dir='ltr'><strong>hoc</strong></span> <span class='ocrx_word' id='word_1_87' title='bbox 1114 1528 1337 1587; x_wconf 87' lang='lat' dir='ltr'><strong>tenuerit,</strong></span> 
     </span>
     <span class='ocr_line' id='line_1_23' title="bbox 492 1602 1415 1655; baseline 0.005 -5"><span class='ocrx_word' id='word_1_88' title='bbox 492 1602 774 1651; x_wconf 79' lang='lat' dir='ltr'><strong>contradicit</strong></span> <span class='ocrx_word' id='word_1_89' title='bbox 797 1608 957 1652; x_wconf 89' lang='lat' dir='ltr'><strong>tamen</strong></span> <span class='ocrx_word' id='word_1_90' title='bbox 982 1620 1086 1652; x_wconf 90' lang='lat' dir='ltr'><strong>esse</strong></span> <span class='ocrx_word' id='word_1_91' title='bbox 1112 1606 1415 1655; x_wconf 83' lang='lat' dir='ltr'><strong>concordiam</strong></span> 
     </span>
     <span class='ocr_line' id='line_1_24' title="bbox 427 1679 1163 1744; baseline 0.004 -17"><span class='ocrx_word' id='word_1_92' title='bbox 427 1679 518 1728; x_wconf 91' lang='lat' dir='ltr'><strong>nisi</strong></span> <span class='ocrx_word' id='word_1_93' title='bbox 544 1696 632 1744; x_wconf 92' lang='lat' dir='ltr'><strong>per</strong></span> <span class='ocrx_word' id='word_1_94' title='bbox 653 1679 775 1729; x_wconf 92' lang='lat' dir='ltr'><strong>illius</strong></span> <span class='ocrx_word' id='word_1_95' title='bbox 799 1682 882 1730; x_wconf 88' lang='lat' dir='ltr'><strong>fiat</strong></span> <span class='ocrx_word' id='word_1_96' title='bbox 907 1681 1163 1731; x_wconf 85' lang='lat' dir='ltr'><strong>licentiam.</strong></span> 
     </span>
     <span class='ocr_line' id='line_1_25' title="bbox 493 1757 1479 1825; baseline 0.007 -20"><span class='ocrx_word' id='word_1_97' title='bbox 493 1757 712 1806; x_wconf 88' lang='lat' dir='ltr'><strong>Affirmat</strong></span> <span class='ocrx_word' id='word_1_98' title='bbox 736 1757 940 1823; x_wconf 90' lang='lat' dir='ltr'><strong>denique</strong></span> <span class='ocrx_word' id='word_1_99' title='bbox 966 1776 1207 1825; x_wconf 87' lang='lat' dir='ltr'><strong>nunquam</strong></span> <span class='ocrx_word' id='word_1_100' title='bbox 1232 1761 1479 1812; x_wconf 88' lang='lat' dir='ltr'><strong>absolvere</strong></span> 
     </span>
     <span class='ocr_line' id='line_1_26' title="bbox 428 1833 1372 1888; baseline 0.004 -5"><span class='ocrx_word' id='word_1_101' title='bbox 428 1833 719 1883; x_wconf 76' lang='lat' dir='ltr'><strong>Gerardum²</strong></span> <span class='ocrx_word' id='word_1_102' title='bbox 745 1851 832 1883; x_wconf 91' lang='lat' dir='ltr'><strong>nec</strong></span> <span class='ocrx_word' id='word_1_103' title='bbox 858 1852 970 1884; x_wconf 91' lang='lat' dir='ltr'><strong>suos</strong></span> <span class='ocrx_word' id='word_1_104' title='bbox 993 1837 1053 1885; x_wconf 92' lang='lat' dir='ltr'><strong>de</strong></span> <span class='ocrx_word' id='word_1_105' title='bbox 1076 1838 1372 1888; x_wconf 87' lang='lat' dir='ltr'><strong>anathemate</strong></span> 
     </span>
     <span class='ocr_line' id='line_1_27' title="bbox 492 1910 1351 1966; baseline 0.008 -7"><span class='ocrx_word' id='word_1_106' title='bbox 492 1910 645 1960; x_wconf 88' lang='lat' dir='ltr'><strong>donec</strong></span> <span class='ocrx_word' id='word_1_107' title='bbox 669 1912 918 1962; x_wconf 87' lang='lat' dir='ltr'><strong>aecclesias</strong></span> <span class='ocrx_word' id='word_1_108' title='bbox 942 1930 1074 1963; x_wconf 90' lang='lat' dir='ltr'><strong>arsas</strong></span> <span class='ocrx_word' id='word_1_109' title='bbox 1098 1916 1351 1966; x_wconf 83' lang='lat' dir='ltr'><strong>restituant</strong></span> 
     </span>
     <span class='ocr_line' id='line_1_28' title="bbox 426 1988 1353 2054; baseline 0.006 -17"><span class='ocrx_word' id='word_1_110' title='bbox 426 1994 475 2038; x_wconf 89' lang='lat' dir='ltr'><strong>et</strong></span> <span class='ocrx_word' id='word_1_111' title='bbox 497 1988 625 2038; x_wconf 91' lang='lat' dir='ltr'><strong>mille</strong></span> <span class='ocrx_word' id='word_1_112' title='bbox 650 1989 806 2038; x_wconf 90' lang='lat' dir='ltr'><strong>decies</strong></span> <span class='ocrx_word' id='word_1_113' title='bbox 831 1992 1047 2041; x_wconf 83' lang='lat' dir='ltr'><strong>marchas</strong></span> <span class='ocrx_word' id='word_1_114' title='bbox 1072 1993 1353 2054; x_wconf 87' lang='lat' dir='ltr'><strong>retribuant,</strong></span> 
     </span>
     <span class='ocr_line' id='line_1_29' title="bbox 493 2066 1433 2132; baseline 0.007 -17"><span class='ocrx_word' id='word_1_115' title='bbox 493 2066 647 2116; x_wconf 93' lang='lat' dir='ltr'><strong>donec</strong></span> <span class='ocrx_word' id='word_1_116' title='bbox 670 2074 891 2132; x_wconf 88' lang='lat' dir='ltr'><strong>preterea</strong></span> <span class='ocrx_word' id='word_1_117' title='bbox 914 2069 974 2118; x_wconf 90' lang='lat' dir='ltr'><strong>de</strong></span> <span class='ocrx_word' id='word_1_118' title='bbox 999 2076 1190 2120; x_wconf 91' lang='lat' dir='ltr'><strong>centum</strong></span> <span class='ocrx_word' id='word_1_119' title='bbox 1213 2073 1433 2129; x_wconf 83' lang='lat' dir='ltr'><strong>mortuis,</strong></span> 
     </span>
     <span class='ocr_line' id='line_1_30' title="bbox 428 2144 1459 2211; baseline 0.007 -19"><span class='ocrx_word' id='word_1_120' title='bbox 428 2149 528 2192; x_wconf 87' lang='lat' dir='ltr'><strong>tam</strong></span> <span class='ocrx_word' id='word_1_121' title='bbox 552 2144 612 2193; x_wconf 91' lang='lat' dir='ltr'><strong>de</strong></span> <span class='ocrx_word' id='word_1_122' title='bbox 637 2145 904 2210; x_wconf 85' lang='lat' dir='ltr'><strong>presbitero</strong></span> <span class='ocrx_word' id='word_1_123' title='bbox 929 2163 1074 2211; x_wconf 91' lang='lat' dir='ltr'><strong>quam</strong></span> <span class='ocrx_word' id='word_1_124' title='bbox 1098 2148 1158 2198; x_wconf 90' lang='lat' dir='ltr'><strong>de</strong></span> <span class='ocrx_word' id='word_1_125' title='bbox 1183 2150 1459 2210; x_wconf 89' lang='lat' dir='ltr'><strong>castricolis,</strong></span> 
     </span>
     <span class='ocr_line' id='line_1_31' title="bbox 491 2223 1282 2277; baseline 0.009 -7"><span class='ocrx_word' id='word_1_126' title='bbox 491 2225 591 2271; x_wconf 91' lang='lat' dir='ltr'><strong>Deo</strong></span> <span class='ocrx_word' id='word_1_127' title='bbox 616 2223 905 2273; x_wconf 85' lang='lat' dir='ltr'><strong>satisfactum</strong></span> <span class='ocrx_word' id='word_1_128' title='bbox 930 2230 978 2274; x_wconf 92' lang='lat' dir='ltr'><strong>et</strong></span> <span class='ocrx_word' id='word_1_129' title='bbox 1001 2226 1066 2274; x_wconf 93' lang='lat' dir='ltr'><strong>illi</strong></span> <span class='ocrx_word' id='word_1_130' title='bbox 1090 2228 1282 2277; x_wconf 86' lang='lat' dir='ltr'><strong>veniant</strong></span> 
     </span>
     <span class='ocr_line' id='line_1_32' title="bbox 427 2300 1216 2371; baseline 0.009 -23"><span class='ocrx_word' id='word_1_131' title='bbox 427 2305 477 2348; x_wconf 92' lang='lat' dir='ltr'><strong>et</strong></span> <span class='ocrx_word' id='word_1_132' title='bbox 499 2300 808 2364; x_wconf 90' lang='lat' dir='ltr'><strong>penitentiam</strong></span> <span class='ocrx_word' id='word_1_133' title='bbox 832 2302 943 2352; x_wconf 92' lang='lat' dir='ltr'><strong>inde</strong></span> <span class='ocrx_word' id='word_1_134' title='bbox 967 2304 1216 2371; x_wconf 87' lang='lat' dir='ltr'><strong>accipiant.</strong></span> 
     </span>
     <span class='ocr_line' id='line_1_33' title="bbox 492 2379 1376 2448; baseline 0.009 -22"><span class='ocrx_word' id='word_1_135' title='bbox 492 2381 619 2444; x_wconf 82' lang='lat' dir='ltr'><strong>Ergo</strong></span> <span class='ocrx_word' id='word_1_136' title='bbox 644 2379 911 2444; x_wconf 89' lang='lat' dir='ltr'><strong>despiciunt</strong></span> <span class='ocrx_word' id='word_1_137' title='bbox 933 2381 1061 2431; x_wconf 88' lang='lat' dir='ltr'><strong>cives</strong></span> <span class='ocrx_word' id='word_1_138' title='bbox 1086 2384 1376 2448; x_wconf 88' lang='lat' dir='ltr'><strong>pontificem,</strong></span> 
     </span>
     <span class='ocr_line' id='line_1_34' title="bbox 430 2457 1419 2521; baseline 0.008 -17"><span class='ocrx_word' id='word_1_139' title='bbox 430 2461 479 2504; x_wconf 93' lang='lat' dir='ltr'><strong>et</strong></span> <span class='ocrx_word' id='word_1_140' title='bbox 503 2457 666 2521; x_wconf 91' lang='lat' dir='ltr'><strong>presul</strong></span> <span class='ocrx_word' id='word_1_141' title='bbox 690 2457 750 2506; x_wconf 92' lang='lat' dir='ltr'><strong>de</strong></span> <span class='ocrx_word' id='word_1_142' title='bbox 774 2458 866 2507; x_wconf 89' lang='lat' dir='ltr'><strong>illis</strong></span> <span class='ocrx_word' id='word_1_143' title='bbox 889 2466 1125 2510; x_wconf 89' lang='lat' dir='ltr'><strong>monstrat</strong></span> <span class='ocrx_word' id='word_1_144' title='bbox 1149 2461 1378 2511; x_wconf 89' lang='lat' dir='ltr'><strong>incuriam</strong></span> <span class='ocrx_word' id='word_1_145' title='bbox 1409 2481 1419 2511; x_wconf 73' lang='grc' dir='ltr'>ε</span> 
     </span>
     <span class='ocr_line' id='line_1_35' title="bbox 497 2533 1302 2600; baseline 0.01 -19"><span class='ocrx_word' id='word_1_146' title='bbox 497 2549 548 2581; x_wconf 92' lang='lat' dir='ltr'><strong>se</strong></span> <span class='ocrx_word' id='word_1_147' title='bbox 573 2533 699 2582; x_wconf 92' lang='lat' dir='ltr'><strong>enim</strong></span> <span class='ocrx_word' id='word_1_148' title='bbox 724 2535 893 2600; x_wconf 87' lang='lat' dir='ltr'><strong>expelli</strong></span> <span class='ocrx_word' id='word_1_149' title='bbox 920 2537 1141 2587; x_wconf 86' lang='lat' dir='ltr'><strong>sufferret</strong></span> <span class='ocrx_word' id='word_1_150' title='bbox 1165 2545 1302 2589; x_wconf 88' lang='lat' dir='ltr'><strong>antea</strong></span> 
     </span>
     <span class='ocr_line' id='line_1_36' title="bbox 429 2611 1345 2683; baseline 0.01 -25"><span class='ocrx_word' id='word_1_151' title='bbox 429 2627 574 2675; x_wconf 90' lang='lat' dir='ltr'><strong>quam</strong></span> <span class='ocrx_word' id='word_1_152' title='bbox 597 2611 689 2661; x_wconf 91' lang='lat' dir='ltr'><strong>hoc</strong></span> <span class='ocrx_word' id='word_1_153' title='bbox 713 2613 998 2664; x_wconf 89' lang='lat' dir='ltr'><strong>concederet</strong></span> <span class='ocrx_word' id='word_1_154' title='bbox 1022 2615 1122 2665; x_wconf 83' lang='lat' dir='ltr'><strong>sine</strong></span> <span class='ocrx_word' id='word_1_155' title='bbox 1142 2617 1345 2683; x_wconf 89' lang='lat' dir='ltr'><strong>justicia.</strong></span> 
     </span>
    </p>
   </div>
   <div class='ocr_carea' id='block_1_9' title="bbox 284 2807 1336 2924">
    <p class='ocr_par' dir='ltr' id='par_1_9' title="bbox 284 2807 1336 2924">
     <span class='ocr_line' id='line_1_37' title="bbox 284 2807 1206 2863; baseline 0.01 -19"><span class='ocrx_word' id='word_1_156' title='bbox 284 2808 318 2844; x_wconf 84' lang='lat'><strong>1.</strong></span> <span class='ocrx_word' id='word_1_157' title='bbox 346 2818 433 2844; x_wconf 82' lang='lat' dir='ltr'><strong>non.</strong></span> <span class='ocrx_word' id='word_1_158' title='bbox 456 2807 563 2845; x_wconf 87' lang='lat' dir='ltr'><strong>Dans</strong></span> <span class='ocrx_word' id='word_1_159' title='bbox 583 2807 618 2846; x_wconf 89' lang='lat' dir='ltr'><strong>le</strong></span> <span class='ocrx_word' id='word_1_160' title='bbox 638 2820 710 2846; x_wconf 79' lang='lat' dir='ltr'><strong>ms.</strong></span> <span class='ocrx_word' id='word_1_161' title='bbox 737 2811 947 2850; x_wconf 84' lang='lat' dir='ltr'><strong>au-dessus</strong></span> <span class='ocrx_word' id='word_1_162' title='bbox 967 2813 1014 2852; x_wconf 87' lang='lat' dir='ltr'><strong>de</strong></span> <span class='ocrx_word' id='word_1_163' title='bbox 1033 2813 1070 2852; x_wconf 85' lang='lat' dir='ltr'><strong>la</strong></span> <span class='ocrx_word' id='word_1_164' title='bbox 1091 2814 1206 2863; x_wconf 84' lang='lat' dir='ltr'><strong>ligne.</strong></span> 
     </span>
     <span class='ocr_line' id='line_1_38' title="bbox 285 2867 1336 2924; baseline 0.009 -19"><span class='ocrx_word' id='word_1_165' title='bbox 285 2867 320 2905; x_wconf 79' lang='lat'><strong>2.</strong></span> <span class='ocrx_word' id='word_1_166' title='bbox 347 2867 568 2906; x_wconf 81' lang='lat' dir='ltr'><strong>Gerardum.</strong></span> <span class='ocrx_word' id='word_1_167' title='bbox 592 2869 698 2908; x_wconf 85' lang='lat' dir='ltr'><strong>Dans</strong></span> <span class='ocrx_word' id='word_1_168' title='bbox 719 2871 755 2908; x_wconf 86' lang='lat' dir='ltr'><strong>le</strong></span> <span class='ocrx_word' id='word_1_169' title='bbox 774 2883 848 2909; x_wconf 82' lang='lat' dir='ltr'><strong>ms,</strong></span> <span class='ocrx_word' id='word_1_170' title='bbox 870 2873 1078 2912; x_wconf 85' lang='lat' dir='ltr'><strong>au·dessus</strong></span> <span class='ocrx_word' id='word_1_171' title='bbox 1098 2874 1145 2912; x_wconf 92' lang='lat' dir='ltr'><strong>de</strong></span> <span class='ocrx_word' id='word_1_172' title='bbox 1165 2875 1202 2913; x_wconf 86' lang='lat' dir='ltr'><strong>la</strong></span> <span class='ocrx_word' id='word_1_173' title='bbox 1221 2875 1336 2924; x_wconf 87' lang='lat' dir='ltr'><strong>ligne.</strong></span> 
     </span>
    </p>
   </div>
  </div>
 </body>
</html>
