2092 3490
686 366 884 405 EJUSQUE
907 366 1266 402 SUGOESSORIBUS.
1625 369 1686 403 245

630 457 958 523 pontificatum
982 457 1191 516 habuit¹‚

565 535 649 584 sed
674 535 755 585 diu
780 551 876 584 non
900 535 1110 584 retinuit.

626 615 745 662 Nam
769 629 900 662 mors
925 618 973 661 et
998 612 1290 663 consecratio

304 691 366 738 55
563 690 702 739 unius
727 690 836 739 anni
863 690 1017 756 spatio

629 785 774 834 quem
798 769 887 817 ista
912 768 1024 817 fecit
1047 768 1290 834 presulem

564 845 680 895 haec
704 846 896 896 reduxit
918 846 978 895 ad
1004 846 1296 912 pulverem2.

803 1005 886 1048 De
917 1005 1155 1059 Regem.

629 1151 748 1200 Hinc
768 1154 983 1218 Rogerus
1008 1152 1259 1202 aecclesiae

564 1235 636 1278 est
661 1235 857 1278 ornatus
882 1229 1112 1295 regimine

303 1309 364 1355 60
629 1324 775 1373 quem
798 1308 1019 1358 Waurins
1043 1325 1104 1356 ex
1128 1307 1365 1357 nobilibus

563 1390 723 1434 ortum
749 1386 1010 1434 monstrat³
1040 1386 1315 1451 parentibus

632 1463 714 1528 qui
740 1463 909 1512 famosi
934 1463 1100 1512 militia

564 1547 784 1607 potentes
809 1547 920 1591 sunt
943 1542 990 1590 in
1016 1542 1213 1607 patria4.

631 1700 697 1746 De
722 1697 795 1746 his
821 1714 943 1762 quos
968 1697 1318 1747 nominavimus

305 1776 367 1823 65
568 1774 747 1824 dictare
772 1774 1072 1841 cupientibus

630 1853 825 1919 grandis
850 1861 999 1903 restat
1022 1854 1257 1913 maneria,

320 2004 352 2039 1.
383 2002 573 2049 Sigeberti
608 2003 778 2040 Chronic.
809 2003 956 2041 Contin.
978 2004 1190 2050 Aquicinct.
1220 2003 1268 2041 ad
1296 2015 1357 2042 an.
1389 2005 1480 2042 1174
1502 2004 1553 2053 (p.
1576 2006 1656 2054 415)
1683 2018 1691 2044 2

271 2063 446 2101 Robertus
475 2062 801 2100 Cameracensium
829 2066 960 2101 electus
989 2075 1013 2100 a
1041 2065 1284 2101 servientibus
1312 2065 1440 2101 Jacobi
1469 2066 1512 2101 de
1541 2064 1694 2103 Avesnis

272 2123 520 2169 iqnominiose
543 2123 645 2168 apud
674 2122 883 2159 Oondatum
904 2125 1123 2169 perimitur.
1155 2124 1237 2160 Duo
1265 2124 1541 2160 Cameracenses
1566 2126 1694 2162 archi-

269 2183 423 2219 diaconi
440 2183 491 2218 ad
509 2184 757 2229 episcopatum
773 2193 842 2229 per
861 2185 1131 2219 contentionem
1149 2185 1355 2229 eliquntur‚
1378 2185 1539 2229 Roqerus
1558 2187 1697 2222 seilicet

269 2246 304 2279 et
327 2242 505 2279 Alardus.
533 2241 603 2279 Sed
628 2243 763 2288 Royero
789 2253 813 2277 a
837 2243 1009 2289 Philippo
1035 2245 1164 2279 comite
1189 2244 1462 2280 Flandriarum
1487 2247 1521 2280 et
1548 2247 1698 2282 saniori

266 2305 375 2349 parte
388 2301 570 2344 abdicato,
587 2302 751 2338 Alardus
765 2303 1021 2339 substituitur.
1047 2304 1200 2349 Uterque
1219 2305 1470 2350 episcopatum
1482 2305 1696 2341 desiderans

272 2364 498 2400 transcensis
517 2363 672 2409 Alpibus
691 2364 864 2399 certatim
883 2363 933 2398 ad
946 2365 1210 2409 imperatorem
1229 2365 1465 2400 Fredericum
1485 2365 1528 2400 in
1541 2363 1696 2400 Italiam

267 2423 404 2468 peryit.
430 2421 640 2468 Imperator
658 2423 784 2468 itaque
803 2423 893 2459 visis
908 2424 1078 2468 personis
1098 2423 1302 2469 auditaque
1321 2424 1469 2458 ratione
1488 2424 1691 2466 electionis,

270 2483 361 2518 vissis
379 2482 494 2517 etiam
513 2483 650 2518 litteris
669 2481 837 2528 Philippi
856 2483 1003 2518 comitis
1019 2492 1089 2528 pro
1107 2483 1247 2519 Atardo
1269 2483 1495 2528 petentibus,
1527 2493 1695 2519 eommu-

271 2542 397 2577 nicato
416 2551 503 2577 cum
521 2543 697 2587 episcopis
715 2544 783 2587 qui
801 2542 856 2578 ibi
873 2543 1033 2578 aderant
1050 2544 1216 2584 consilio,
1238 2544 1300 2579 illi
1316 2544 1567 2588 episcopatum
1579 2543 1692 2579 dedit.

282 2619 320 2628 —
337 2599 435 2638 Voir
453 2600 558 2637 aussi
580 2599 615 2637 le
635 2600 825 2638 chanoine
845 2601 893 2639 de
913 2601 1091 2639 Cambrai
1114 2602 1158 2648 (c.
1181 2602 1242 2649 21,
1264 2613 1300 2650 p.
1324 2601 1420 2650 509).

317 2660 353 2698 2.
382 2659 504 2698 Alard
523 2664 681 2697 mourut
700 2671 750 2698 en
771 2661 862 2698 1177
886 2661 1086 2709 (Sigebert.
1118 2663 1256 2700 Chron.
1288 2662 1435 2698 Gontin.
1466 2664 1691 2708 Aquicinct.,

272 2731 309 2769 p.
340 2720 439 2767 417),
471 2718 507 2757 le
538 2720 559 2757 6
592 2719 794 2758 decembre
824 2723 1025 2768 (Necroloq.
1057 2722 1095 2759 S.
1131 2723 1329 2767 Gauqerici
1364 2722 1568 2764 Gamerae„
1601 2723 1693 2759 ibid.

275 2791 314 2817 n.
335 2779 410 2824 26).

322 2839 357 2876 3.
384 2843 582 2876 monstrat.
604 2838 712 2877 Dans
732 2839 767 2877 le
785 2851 858 2877 ms.
883 2841 1093 2878 au-dessus
1113 2841 1159 2878 de
1179 2840 1215 2877 la
1235 2840 1350 2888 ligne.

323 2899 359 2937 4.
386 2899 462 2936 Sur
487 2899 524 2937 la
551 2898 696 2936 famille
722 2899 770 2936 de
790 2899 918 2948 Roger
937 2901 984 2937 de
1002 2900 1170 2938 Wavrin
1192 2912 1229 2936 v.
1257 2900 1311 2937 Le
1342 2900 1564 2949 Carpentier
1585 2901 1691 2948 (Hist.
