2092 3490
793 355 1051 391 BURGHARDl·
1074 356 1115 387 11.
1594 356 1649 389 153

435 450 510 500 cui
534 446 736 498 innotuit
761 452 987 512 quantam
1011 446 1231 512 injuriam

433 533 482 576 et
505 524 730 591 quantam
754 541 845 590 pro
870 541 927 573 eo
953 524 1120 573 suffert
1145 521 1400 571 miseriam.

0 608 11 635 *³
272 608 334 655 70
499 602 674 652 Retulit
698 601 892 651 domino
918 601 1029 667 quia
1054 599 1352 650 solummodo

433 697 527 747 pro
551 681 652 747 ejus
674 679 785 728 odio
812 680 872 728 ab
898 679 1156 744 apostolico

433 765 480 808 et
506 777 533 808 a
556 758 861 809 Remensium
885 756 1239 822 archiepiscopo

433 837 777 886 benedictionis
802 837 855 885 fit
880 834 1208 884 contradictio.

272 919 324 966 71
500 919 558 965 Et
582 915 690 980 quia
716 914 911 963 clericus
937 913 1058 962 illius
1083 912 1237 961 fuerat

435 993 620 1043 veniam
647 992 820 1041 habere
846 1007 1146 1056 nequaquam
1171 994 1378 1055 poterat,

434 1077 482 1120 et
505 1072 596 1120 hoc
621 1076 693 1120 est
718 1069 847 1135 quod
873 1086 981 1118 eum
1008 1068 1159 1135 magis
1180 1068 1406 1133 impediat

434 1155 482 1198 et
506 1148 632 1199 unde
660 1149 840 1214 legatus
866 1150 995 1198 Cono
1020 1147 1128 1212 plus
1154 1151 1337 1213 arguat.

271 1229 334 1279 72
499 1230 549 1275 ln
576 1226 678 1292 ejus
704 1242 908 1291 persona
933 1225 1186 1290 quisquam
1213 1241 1307 1272 non
1333 1223 1566 1273 contrahit

434 1322 521 1354 nec
546 1305 670 1354 vitae
696 1321 783 1354 nec
810 1303 907 1353 suis
933 1302 1146 1352 moribus
1172 1303 1314 1352 obicit

434 1382 550 1448 quin
575 1381 818 1449 episcopio
844 1386 892 1430 et
916 1381 1053 1430 laude
1078 1381 1251 1447 dignus
1278 1380 1339 1430 sit
1370 1400 1378 1428 :

434 1466 619 1510 tantum
644 1460 814 1509 divisio
839 1459 999 1508 audita
1023 1459 1187 1508 officit.

272 1542 333 1589 73
499 1538 739 1589 Affirmat¹
768 1537 913 1604 igitur
936 1538 1027 1586 hoc
1053 1542 1162 1586 ante
1187 1553 1399 1586 cesarem

435 1617 565 1683 quod
591 1633 852 1682 numquam
878 1616 1055 1665 redibit
1080 1616 1140 1665 ad
1166 1616 1306 1664 istam
1330 1616 1511 1665 rabiem

434 1695 515 1745 ubi
539 1698 690 1745 Roma
714 1695 877 1744 furens
899 1711 989 1759 per
1012 1699 1163 1743 totam
1189 1694 1382 1743 Galliam

434 1773 569 1838 ponit
593 1778 641 1821 et
663 1772 860 1838 deponit
883 1789 974 1838 pro
999 1772 1118 1820 velle
1143 1772 1399 1837 presulem.

272 1849 335 1900 74
500 1853 552 1899 In
579 1851 668 1899 ista
693 1850 877 1900 dubitat
901 1850 1078 1898 morari
1104 1850 1256 1915 patria

435 1928 517 1978 ubi
541 1928 754 1977 fidelium
780 1928 946 1977 suffert
970 1928 1194 1977 aecclesia

434 2010 507 2054 tot
530 2005 669 2065 bella,
698 2011 770 2055 tot
793 2005 901 2055 lites
927 2011 974 2054 et
999 2010 1072 2055 tot
1098 2005 1355 2055 certamina

435 2089 535 2133 tum
561 2100 654 2149 pro
680 2083 935 2143 contrario,
965 2089 1068 2133 tum
1092 2101 1182 2150 pro
1206 2082 1423 2149 pecunia.

273 2165 334 2211 75
501 2164 724 2210 Precatur
748 2178 958 2211 cesarem
985 2162 1098 2211 illud
1125 2162 1424 2211 solummodo

239 2336 341 2381 apua
359 2335 553 2381 Liguriam
575 2335 721 2381 deqebat
738 2338 865 2381 qratia
885 2336 1202 2383 disponendarum
1229 2347 1358 2372 rerum
1384 2338 1508 2379 illius,
1543 2338 1658 2372 laetas

239 2397 382 2440 effectus
410 2397 500 2441 quia
529 2406 604 2431 non
637 2397 721 2432 bene
754 2407 838 2432 cum
867 2407 966 2443 papa
1001 2397 1250 2440 conveniebat,
1292 2398 1404 2433 xenia
1444 2397 1659 2442 imperialia

243 2456 348 2492 Urbis
367 2456 552 2501 praefecto
580 2459 614 2492 et
640 2457 815 2493 Romanis
846 2458 1069 2499 transmisit,
1092 2458 1292 2493 adventum
1311 2468 1423 2493 suum
1449 2459 1527 2494 illis
1550 2466 1661 2502 prae-

216 2552 221 2559 ,
241 2517 425 2551 nuntians
439 2516 652 2560 affuturum
669 2516 816 2563 (chron.
833 2516 989 2560 Cassia„
1006 2515 1079 2565 IV,
1094 2516 1152 2563 60,
1168 2518 1266 2554 Mon.
1284 2517 1420 2560 Germ„
1441 2516 1506 2553 SS.
1523 2520 1551 2552 t.
1568 2514 1656 2562 VII,

240 2585 276 2622 p.
301 2573 370 2611 790
388 2574 516 2621 extu).
538 2573 592 2611 Or
610 2574 646 2612 le
664 2575 785 2623 pretet
805 2575 851 2613 de
866 2576 1006 2624 Rome,
1024 2576 1169 2625 PIerre,
1190 2575 1283 2614 dont
1302 2575 1338 2613 la
1358 2580 1460 2613 mort
1478 2579 1536 2613 est
1555 2585 1660 2612 men-

241 2634 396 2672 tionnee
413 2645 462 2671 au
482 2639 814 2673 commencement
833 2635 880 2673 de
899 2647 942 2674 ce
961 2647 1133 2685 passage,
1154 2641 1311 2674 mourut
1324 2636 1346 2673 a
1360 2636 1397 2673 la
1417 2635 1470 2672 fin
1490 2635 1537 2673 de
1556 2646 1659 2672 mars

241 2704 291 2732 ou
301 2693 396 2731 dans
407 2693 462 2732 les
477 2694 663 2742 premiers
672 2695 778 2743 jours
788 2695 922 2734 d’avril
939 2696 1030 2734 1116
1044 2695 1169 2744 (Falco
1180 2697 1444 2734 Beneventan.
1458 2706 1518 2743 ap.
1535 2695 1660 2731 Mura-

242 2755 328 2802 tori‚
349 2756 430 2792 Rer.
454 2755 538 2791 Ital.
562 2755 711 2801 Script„
736 2762 763 2792 t.
781 2756 831 2804 V,
855 2768 889 2804 p.
914 2756 1184 2795 90.-Annaz.
1207 2759 1375 2800 Roman„
1399 2757 1498 2793 Mon.
1521 2755 1657 2801 Germ„

242 2814 307 2852 SS.
329 2818 356 2850 t.
381 2813 430 2860 V,
452 2825 488 2861 p.
512 2814 609 2860 476).

292 2873 326 2910 1.
352 2872 542 2919 Affirmat.
565 2873 672 2911 Dans
695 2874 729 2912 le
749 2886 822 2912 ms.
845 2875 871 2912 il
891 2888 917 2925 y
937 2876 1039 2913 avait
1059 2875 1213 2913 d‘abord
1234 2877 1450 2922 Affirmant.
