2092 3490
867 350 1052 384 NlCOLAl.
1615 345 1671 378 187

547 449 594 493 et
618 449 672 493 ut
697 441 821 508 patri
841 439 1089 498 obediunt,

547 520 833 572 famulantur
858 524 907 568 et
932 517 1160 568 serviunt.

289 605 350 652 96
613 598 826 649 Laudant
850 596 934 648 Dei
957 594 1235 662 potentiam,

550 677 632 743 qui
656 693 744 742 per
767 675 917 742 ipsius
941 673 1142 742 gratiam

548 756 781 806 tribuerat
807 753 897 804 sibi
921 753 1065 803 talem

551 838 807 900 patronum
831 837 880 882 et
904 830 1197 896 pontificem.

290 916 352 963 97
618 913 886 976 Omnesque
911 908 1061 959 sancti
1084 907 1298 957 homines

554 996 600 1038 et
626 989 791 1038 beatae
816 986 1040 1036 mulieres

553 1066 613 1116 de
636 1071 769 1115 tanto
793 1070 929 1130 patre
952 1063 1122 1112 hilares
1158 1062 1165 1064 “

555 1150 664 1194 sunt
689 1143 810 1194 sicut
833 1143 985 1192 bonae
1010 1140 1235 1207 pecudes.

292 1227 354 1274 98
619 1226 677 1272 Et
701 1227 802 1271 tota
825 1237 943 1288 gens
967 1218 1273 1285 pauperrima
1300 1279 1305 1283 ¹

556 1316 761 1350 exorans
787 1299 877 1349 sibi
902 1314 1135 1364 prospera

556 1379 617 1429 de
640 1377 856 1427 moribus
881 1382 930 1426 et
951 1376 1012 1425 de
1036 1375 1135 1425 vita

555 1456 680 1507 bona
702 1456 796 1505 fert
819 1453 1107 1505 testimonia.

409 1622 659 1679 Qualiter
690 1621 975 1666 Gerardus
1007 1627 1202 1673 pacem
1233 1614 1535 1671 infregerit.

298 1774 360 1820 99
625 1767 707 1817 His
732 1766 932 1825 actibus,
960 1765 1034 1815 his
1059 1763 1322 1831 prosperis,

561 1847 635 1896 his
659 1845 902 1903 laudibus,
925 1844 998 1893 his
1022 1842 1207 1910 gaudiis

561 1924 750 1974 inimica
775 1922 951 1972 diaboli

560 2002 811 2068 temptatio
836 2018 931 2050 non
956 2000 1120 2050 defuit.

270 2086 363 2133 ⁴00
628 2084 746 2130 Nam
771 2080 847 2128 ille
872 2096 1069 2145 serpens
1094 2078 1266 2127 lividus

567 2158 789 2223 antiquus
813 2158 963 2208 hostis
987 2157 1177 2207 invidus

563 2254 652 2303 per
677 2253 823 2302 quem
846 2236 968 2286 ordo
994 2235 1232 2302 angelicus
1274 2278 1283 2286 .

565 2319 835 2381 prostratur
858 2313 919 2363 de
944 2313 1213 2371 celestibus,

273 2398 356 2445 ⁴0⁴
629 2409 719 2458 per
743 2408 888 2457 quem
913 2391 1064 2441 Adam
1090 2390 1350 2448 seducitur,

566 2487 654 2536 per
675 2487 821 2537 quem
845 2470 992 2520 Judas
1018 2469 1323 2535 suspenditur
1343 2492 1346 2497 ¹

569 2553 618 2599 et
641 2565 731 2613 per
754 2565 899 2614 quem
923 2548 1101 2613 Joseph
1126 2547 1347 2597 venditur

567 2632 615 2676 et
640 2626 854 2676 Christus
879 2626 1189 2693 crucifigitur,

278 2709 372 2760 ⁴02
635 2704 710 2753 ille
735 2704 905 2771 plenus
928 2704 1184 2763 discordia,

571 2788 701 2832 stans
727 2800 916 2849 semper
940 2784 987 2833 in
1010 2782 1208 2832 tristicia

572 2861 780 2926 nullique
804 2862 970 2912 volens
997 2877 1230 2927 prospera

0 1884 2 1886 <
0 1862 1 1865 „
0 1807 6 1848 v·
0 1654 7 1799 *ww-ammo
0 1611 6 1644 V„
0 1579 3 1602 mv
0 1515 7 1571 w
0 1426 8 1507 -v—-—
0 1382 10 1416 4—4-
0 1361 6 1375 -ψ

55 1943 65 1951 ι
