2092 3490
478 352 517 385 72
1106 351 1243 385 GESTA

533 503 614 546 De
640 501 819 546 reditu
845 501 1194 554 imperatoris
1214 502 1270 546 et
1289 504 1356 546 de
1374 514 1512 557 pace
1534 505 1677 550 inter
1696 516 1817 551 eum

835 572 890 615 et
916 572 1166 616 comitem
1192 573 1507 619 reformata.

474 712 567 761 415
828 712 902 761 Sic
926 727 1041 777 ergo
1066 727 1225 761 comes
1249 713 1393 762 tribui

763 789 972 853 speravit
995 789 1114 837 hanc
1138 788 1307 837 urbem
1332 790 1437 849 sibi,

763 865 846 914 sed
872 881 1036 930 regem
1060 865 1178 913 velle
1202 866 1390 931 regredi

762 959 868 991 cum
893 942 1039 1001 audit,
1069 960 1095 990 a
1121 959 1205 1007 spe
1230 943 1420 992 decidit.

474 1021 567 1068 416
828 1019 914 1078 Qui
941 1019 1000 1067 de
1024 1035 1107 1067 sua
1131 1019 1304 1068 timens
1328 1019 1465 1070 valde

763 1096 1179 1154 exhereditatione‚

760 1173 963 1238 majores
987 1173 1118 1221 viros
1144 1173 1385 1223 Flandriae

762 1250 886 1315 cepit
910 1266 1076 1298 omnes
1099 1251 1343 1299 consulere

471 1330 522 1377 41
536 1333 564 1377 7
826 1327 940 1391 quid
965 1332 1127 1375 contra
1152 1343 1314 1392 regem
1338 1327 1508 1376 faceret

762 1404 935 1469 quidve
961 1403 1020 1452 de
1045 1404 1134 1452 hoc
1159 1409 1393 1470 satageret
1458 1452 1461 1453 γ

762 1481 889 1545 quod
914 1497 1113 1546 regnum
1137 1481 1236 1546 ejus
1261 1481 1453 1547 insuper
1516 1541 1521 1548 ,

760 1558 995 1605 invaserat
1017 1561 1116 1604 tam
1140 1557 1322 1605 leviter.

469 1635 562 1683 418
823 1633 1004 1682 Fideles
1029 1633 1117 1681 sibi
1143 1634 1389 1683 consulunt

760 1715 812 1759 ut
836 1710 954 1758 sicut
977 1711 1103 1775 regis
1128 1710 1290 1759 odium

759 1788 901 1836 habet
924 1804 1011 1851 per
1034 1788 1124 1835 hoc
1148 1787 1375 1853 flagitium

758 1882 852 1929 quo
877 1864 1085 1912 turbavit
1108 1864 1377 1928 imperium,

468 1942 561 1989 419
824 1941 890 1989 sic
914 1957 1001 2004 per
1026 1941 1389 1990 satisfactionem

757 2024 804 2066 et
827 2019 842 2082 [
848 2019 952 2083 per]
979 2018 1353 2067 emendationem

757 2095 856 2160 ejus
882 2095 1091 2159 requirat
1115 2096 1316 2161 gratiam

755 2178 895 2235 atque
918 2171 1306 2221 misericordiam.

468 2244 559 2294 420
821 2246 1005 2291 Bonum
1029 2242 1206 2291 habens
1231 2243 1476 2291 consilium

755 2319 883 2367 venit
907 2320 1088 2367 comes1
1116 2319 1357 2378 Leodium‚

754 2395 835 2444 ubi
853 2395 931 2461 jus
957 2402 1055 2444 erat
1079 2396 1287 2460 positum

754 2472 877 2519 inter
903 2488 1094 2521 servum
1119 2478 1166 2521 et
1190 2473 1451 2521 dominum.

464 2548 547 2600 424
818 2553 903 2597 Tot
927 2549 1086 2607 duces,
1115 2554 1186 2597 tot
1210 2550 1435 2614 episcopi,

753 2632 823 2673 tot
847 2626 1099 2690 principes,
1128 2632 1200 2674 tot
1224 2626 1420 2683 domini,

754 2702 834 2765 qui
859 2702 966 2750 inde
991 2708 1099 2750 sunt
1123 2703 1280 2751 Leodii

513 2844 544 2879 1.
574 2855 697 2880 comes,
719 2843 826 2880 Dans
846 2843 880 2880 le
901 2855 972 2880 ms.
996 2844 1197 2880 au-dessus
1219 2843 1265 2880 de
1285 2843 1319 2881 la
1338 2843 1453 2891 ligne.
