2092 3490
474 347 534 381 nn
554 348 689 382 onrru
708 348 895 391 mooun,
918 348 1116 388 muscum
1135 349 1494 386 succussomssus.
1634 355 1695 390 243

519 513 602 557 De
634 513 802 558 Petro
836 513 1223 560 Cameracensi
1257 516 1451 561 electo.

636 688 748 734 Post
771 686 896 736 hunc
918 686 1218 737 Flandrensis
1240 689 1424 739 comitis

571 763 718 812 frater
742 767 910 814 Petrus
935 783 962 814 a
987 765 1167 815 clericis

636 847 710 890 est
735 842 911 892 electus
936 843 996 892 ad
1023 843 1296 894 cathedram

570 924 619 967 et
643 919 901 985 regendam
925 922 1219 985 provinciam
1251 940 1261 970 :

308 997 371 1047 20
636 1013 723 1046 nec
748 1003 907 1046 tamen
932 998 1000 1047 sic
1024 999 1247 1048 canonice

570 1073 682 1137 quin
710 1074 817 1139 plus
842 1074 891 1122 in
917 1075 1063 1124 fratre
1088 1076 1259 1125 comite

632 1151 847 1200 timendo
873 1169 1006 1217 spem
1034 1147 1329 1219 deponerent

568 1245 712 1293 quam
735 1246 856 1294 quae
882 1236 992 1279 sunt
1017 1231 1099 1280 Dei
1125 1240 1397 1297 quererent.

633 1307 819 1356 Electus
843 1314 1003 1356 tamen
1019 1309 1209 1375 juvenis

307 1387 370 1436 25
569 1401 679 1434 cum
703 1392 828 1434 esset
853 1385 1006 1435 bonae
1032 1387 1205 1436 indolis

632 1468 795 1512 tenere
820 1469 984 1528 posset
1008 1465 1227 1514 ordinem

567 1541 616 1590 ni
642 1546 751 1605 post
777 1541 992 1591 duxisset
1016 1541 1285 1609 conjugem.

633 1618 725 1668 Sed
751 1619 897 1667 frater
921 1635 1082 1668 comes
1108 1621 1281 1670 sterilis

568 1713 678 1746 cum
703 1702 828 1746 esset
852 1697 1034 1761 absque
1058 1698 1236 1757 liberis,

309 1776 371 1822 30
636 1791 696 1823 ne
721 1775 972 1824 comitatus
997 1775 1171 1826 viduus

569 1858 760 1901 vacaret
785 1853 845 1901 ab
871 1852 1145 1913 heredibuS,

632 1947 851 1989 uxorem,
883 1948 976 1979 non
1001 1936 1054 1979 ut
1079 1931 1261 1991 debuit,

566 2007 641 2056 his
666 2025 787 2073 quae
813 2013 923 2057 sunt
947 2009 1029 2057 Dei
1055 2011 1266 2075 pretulit.

568 2085 662 2135 Sed
687 2086 767 2150 qui
795 2086 955 2135 divina
980 2088 1176 2153 negligit

307 2165 368 2211 35
567 2180 663 2212 non
689 2169 817 2213 recte
842 2164 931 2213 sibi
957 2165 1159 2214 consulit
1189 2183 1199 2213 z

569 2241 699 2306 quod
725 2241 800 2290 hic
825 2243 1045 2308 exemplo
1072 2243 1250 2292 docuit.

566 2320 655 2379 Qui
676 2319 798 2368 infra
823 2337 1000 2369 annum
1026 2321 1234 2386 perdidit

632 2402 682 2445 et
707 2397 854 2446 vitam
879 2403 927 2446 et
951 2399 1224 2465 conjugium

566 2490 656 2539 pro
682 2491 777 2539 quo
803 2476 993 2542 negavit
1018 2477 1242 2526 clericum
1273 2496 1282 2526 :

303 2550 367 2600 40
632 2569 743 2602 nam
767 2570 899 2603 mors
924 2571 1033 2603 eum
1060 2554 1289 2621 surripuit

566 2635 614 2678 et
639 2647 751 2696 spes
775 2631 876 2697 ejus
899 2633 1132 2682 evanuit¹.

319 2815 354 2851 1.
383 2813 445 2852 On
465 2818 599 2852 trouve
618 2824 757 2852 encore
776 2815 871 2853 dans
891 2817 1073 2854 Lambert
1093 2817 1139 2855 de
1162 2817 1355 2855 Watrelos
1377 2819 1426 2866 (p.
1454 2818 1623 2866 540-554)
1645 2819 1693 2857 de

273 2872 383 2921 longs
402 2873 538 2911 details
559 2885 625 2910 sur
643 2872 699 2911 les
721 2875 812 2912 trois
833 2876 1041 2924 premieres
1060 2877 1204 2916 annees
1224 2877 1272 2916 de
1291 2877 1627 2916 l’administration
1645 2878 1692 2916 de
