2092 3490
261 602 358 652 275

257 909 358 975 ,276

193 1273 203 1279 ,
265 1223 363 1271 277

267 1531 363 1582 278

271 1846 368 1896 279

273 2154 369 2204 280

276 2466 363 2516 281

280 2778 378 2826 282

866 353 1055 387 NIGOLAI.

550 448 658 492 ante
683 443 924 492 affirmans
949 459 1119 508 capere

553 536 698 586 quam
722 519 895 568 debeat
919 520 1180 570 discedere.

620 597 692 647 Ad
717 597 902 646 comitis
927 597 1097 647 auxilia

553 681 602 724 et
625 675 972 740 prosternenda
996 675 1152 726 menia

554 752 710 819 pergit
734 753 825 801 leta
850 752 951 802 sine
976 770 1111 802 mora

554 831 790 880 Cameraci
818 832 1103 880 communia.

620 911 907 958 Precurrunt
929 926 1046 958 vero
1070 909 1228 959 faciles

557 987 934 1036 communiarum
959 986 1145 1051 pedites

559 1064 620 1114 ad
645 1064 890 1122 assultum,
920 1065 1195 1114 estimantes

558 1141 754 1192 introire
776 1141 1020 1191 velociter.

627 1219 861 1286 Oppidani
886 1237 937 1269 se
961 1220 1223 1270 defendunt

558 1298 839 1364 peditesque
864 1297 932 1346 sic
953 1298 1189 1363 repellunt

559 1375 689 1441 quod
713 1375 944 1424 vulnerati
970 1375 1156 1442 fugiunt

561 1458 704 1518 atque
729 1451 911 1501 confusi
936 1452 1154 1501 redeunt.

629 1531 892 1595 Comesque
915 1530 1086 1579 Montis
1110 1536 1308 1589 remeat,

562 1609 642 1674 qui
669 1608 947 1673 priusquam
973 1612 1181 1658 castrum
1207 1608 1344 1657 cadat

563 1690 646 1735 aut
671 1703 721 1734 se
745 1685 924 1734 victum
948 1685 1074 1734 ultro
1099 1685 1271 1734 reddat

565 1781 661 1813 non
686 1763 844 1812 redire
862 1763 1124 1828 juraverat.

632 1846 703 1892 Ex
727 1842 819 1890 hoc
842 1841 976 1890 initio
1000 1841 1111 1890 mali

566 1920 696 1985 quod
722 1918 1019 1968 ostenderint
1043 1920 1235 1985 Symoni

566 2014 744 2056 comes,
771 1997 898 2046 cives
924 1997 1164 2047 Cameraci

566 2092 764 2142 possum
789 2075 984 2124 refferre
1010 2075 1188 2124 nemini

635 2159 866 2219 quantum
892 2156 1068 2219 Symon
1094 2153 1420 2218 perturbatur,

570 2235 800 2296 quantum
824 2230 935 2279 inde
961 2230 1196 2288 irascitur,

569 2325 628 2359 eo
653 2309 782 2374 quod
809 2308 869 2358 ab
894 2308 1166 2358 hominibus

571 2387 652 2452 qui
679 2386 750 2436 sui
777 2390 888 2436 sunt
911 2386 1168 2446 invaditur,

637 2464 775 2530 culpa
799 2481 882 2514 sua
909 2464 1123 2514 nondum
1147 2471 1276 2525 nota,

571 2543 692 2592 facta
717 2543 922 2592 necdum
947 2542 1133 2608 injuria,

571 2636 659 2670 nec
683 2619 866 2670 ratione
892 2619 1082 2685 prodita

572 2714 658 2746 cur
682 2697 885 2747 inferant
910 2698 952 2746 ei
975 2699 1114 2748 mala.

643 2777 817 2840 Symon
846 2781 1003 2824 tamen
1029 2777 1194 2826 dolens
1220 2775 1308 2824 sibi

577 2853 754 2901 amicos
779 2853 940 2902 hostes
964 2854 1067 2902 fieri

1611 356 1671 390 213
