2092 3490
754 327 1014 361 BUROHARDI.
1040 328 1066 359 1.
1562 330 1621 364 119

204 422 410 473 cruciato
441 419 622 470 tamdiu
654 418 888 468 concessit
911 418 1074 467 vivere
1105 418 1235 483 quod
1267 419 1479 484 spacium
1511 437 1623 468 con-

205 499 422 551 fessionis
446 504 498 566 et
518 499 671 547 locum
695 496 860 546 habuit
882 495 1186 562 penitentiae.

269 581 323 626 6.
357 581 440 624 De
464 579 641 623 morte
665 577 922 622 Balduini
952 576 1186 621 comitis.
1215 602 1281 611 —
1306 574 1514 624 Audiens
1539 576 1626 625 ita-

203 673 297 722 que
320 654 622 706 Burchardus
646 654 900 719 episcopus
925 652 1055 717 quod
1081 652 1141 701 de
1164 653 1261 701 vita
1291 653 1475 702 comitis
1501 654 1626 703 nulla

205 751 316 800 spes
340 733 586 790 habeatur,
615 731 755 798 legati
777 731 849 780 sui
874 731 934 781 ad
953 731 1111 796 ipsum
1135 731 1360 780 velociter
1384 731 1628 781 transmit-

204 818 388 871 tuntur,
418 811 651 876 quesituri
673 827 734 859 ex
758 815 893 875 parte
919 827 1002 859 sua
1021 815 1074 858 ut
1092 809 1361 874 predictum
1383 810 1628 859 castellum

206 895 366 941 sancte
391 889 560 940 Mariae
585 894 634 939 et
658 887 975 938 castellaniam
998 887 1240 936 liberrime
1266 887 1458 946 reddat,
1496 894 1544 936 et
1568 905 1628 937 ne

206 984 454 1020 successor
485 967 588 1033 ejus
626 967 675 1015 in
706 965 904 1015 eandem
936 964 1288 1030 possessionem
1322 971 1432 1030 post
1470 965 1629 1030 ipsum

206 1047 427 1105 introeat,
450 1062 541 1111 pro
558 1045 630 1094 sui
649 1043 944 1093 absolutione
963 1048 1010 1092 et
1030 1048 1335 1108 peccatorum
1352 1043 1629 1092 remissione

134 1177 136 1179 ,
206 1124 408 1174 firmiter
422 1122 729 1189 precipiendo
747 1121 1016 1187 prohibeat.
1039 1123 1266 1186 Suscepta
1285 1121 1485 1170 libenter
1503 1121 1631 1186 lega-

206 1203 333 1253 tione
355 1202 608 1268 pontificis,
637 1217 798 1250 comes
823 1200 1040 1249 infirmus
1059 1205 1389 1265 compunctus,
1418 1199 1626 1258 humilis,

209 1280 511 1330 similitudine
547 1279 648 1327 veri
682 1278 959 1344 penitentis,
996 1283 1248 1342 utramque
1280 1277 1632 1342 possessionem

207 1359 434 1426 episcopo
450 1358 648 1407 liberam
667 1357 903 1415 clamavit,
925 1356 1179 1405 exterritus
1195 1360 1351 1404 morte
1369 1355 1632 1403 imminenti

208 1443 257 1487 et
279 1437 451 1486 timore
473 1436 658 1486 Domini
683 1440 731 1484 et
755 1434 832 1484 die
851 1434 1031 1501 judicii.
1061 1437 1200 1483 Facta
1225 1450 1342 1482 vero
1366 1433 1634 1482 redditione

208 1514 386 1564 castelli
418 1519 467 1563 et
498 1513 815 1572 castellaniae,
854 1528 1015 1561 comes
1051 1512 1337 1570 absolvitur,
1377 1516 1635 1576 antequam

209 1593 459 1650 moriatur,
485 1610 512 1641 a
531 1591 806 1642 Burchardo
826 1590 1048 1656 pontifice
1071 1608 1080 1638 :
1106 1606 1192 1639 nec
1210 1606 1364 1647 mora,
1387 1589 1635 1638 defunctus

211 1673 327 1731 est¹‚
350 1674 448 1721 Deo
467 1671 661 1738 gratias,
691 1670 736 1718 in
759 1669 1016 1735 penitentia
1042 1674 1090 1717 et
1115 1667 1448 1717 satisfactione.
1477 1671 1637 1731 Usque

210 1749 374 1809 modo,
404 1748 692 1814 propitiante
710 1747 930 1806 Domino,
959 1747 1075 1795 haec
1098 1746 1257 1795 omnia
1282 1762 1515 1810 prospere
1534 1762 1637 1794 cre-

211 1828 370 1878 dimus
395 1826 622 1876 accidisse
647 1826 707 1875 ad
729 1824 1025 1874 reddendam
1044 1831 1232 1873 sanctae
1253 1824 1424 1873 Mariae
1448 1840 1638 1888 posses-

147 1919 149 1921 ’
213 1906 395 1956 sionem
409 1921 560 1954 suam.
575 1904 667 1954 Sed
678 1903 910 1962 diabolus,
923 1903 1048 1952 bone
1059 1903 1254 1952 actionis
1264 1902 1471 1961 invidus,
1486 1902 1640 1951 adhuc

211 1983 465 2049 temptavit
483 1987 714 2048 quantum
735 1982 887 2047 potuit
909 1981 1087 2047 paratis
1113 1980 1346 2030 obsistere
1370 1980 1639 2044 factamque

214 2062 568 2112 concessionem
587 2061 635 2110 in
652 2061 842 2126 longam
862 2059 1269 2125 perturbationem
1290 2059 1537 2108 reducere.

281 2145 333 2189 ’7.
367 2145 451 2188 De
476 2144 687 2187 Karolo
713 2141 914 2186 comite
941 2140 1288 2186 Flandrensi.
1316 2166 1382 2174 ——
1407 2136 1642 2186 Successit

216 2219 406 2270 enimin
421 2218 657 2268 honorem
671 2216 884 2267 Balduini
910 2216 1095 2265 comitis
1121 2216 1297 2281 nepos2
1318 2233 1432 2265 suus
1452 2215 1642 2264 nomine

215 2297 439 2356 Karolus,
476 2296 604 2363 regis
628 2296 933 2346 Danimarcae
964 2294 1111 2352 filius,
1151 2294 1226 2342 vir
1259 2300 1430 2360 potens
1456 2299 1504 2343 et
1528 2309 1643 2358 pru-

266 2443 299 2479 1.
328 2441 383 2479 Le
405 2441 449 2478 17
466 2440 553 2489 juin
574 2440 680 2486 1119,
702 2450 750 2477 au
770 2439 1015 2488 temoignage
1034 2438 1081 2476 de
1104 2437 1266 2475 l'auteur
1286 2436 1577 2485 contempora-in
1597 2436 1644 2474 de

219 2503 255 2539 la
274 2501 348 2538 Vie
368 2500 414 2537 de
435 2500 594 2537 Charles
614 2500 651 2537 le
669 2499 755 2537 Bon
779 2500 887 2548 (Mon.
911 2500 1046 2543 Germ„
1071 2499 1135 2537 SS.
1153 2503 1179 2535 t.
1198 2498 1292 2545 XII,
1310 2510 1345 2546 p.
1363 2498 1458 2544 541).
1476 2495 1644 2533 L’annee

221 2561 312 2599 1119
332 2564 391 2599 est
410 2559 516 2598 aussi
535 2559 718 2608 marquee
736 2570 886 2598 comme
906 2558 1002 2598 celle
1019 2558 1066 2596 de
1085 2558 1122 2596 la
1139 2564 1242 2597 mort
1261 2558 1307 2595 de
1324 2557 1529 2595 Baudouin
1548 2556 1644 2594 dans

219 2622 275 2659 les
289 2621 463 2658 Annales
478 2619 673 2657 d'Anchin
690 2620 738 2668 (p.
757 2619 837 2667 504)
854 2624 892 2657 et
904 2619 999 2658 dans
1014 2619 1198 2657 Lambert
1211 2619 1258 2656 de
1268 2618 1466 2656 Watrelos
1484 2619 1531 2666 (p.
1546 2617 1642 2665 513).

221 2682 275 2718 La
295 2680 464 2718 Version
483 2679 670 2726 francaise
690 2679 848 2728 indique
867 2679 890 2717 ὲ
910 2683 986 2717 tort
1005 2679 1156 2717 l’annee
1178 2679 1270 2716 1118
1291 2680 1343 2726 (p.
1367 2677 1451 2725 52⁶2,
1472 2688 1510 2714 n.
1535 2677 1606 2723 34).

267 2741 302 2778 2.
332 2741 468 2778 Gousin
493 2743 676 2787 qermain.
708 2740 765 2777 La
792 2741 898 2777 mere
927 2739 974 2777 de
1000 2738 1157 2776 Charles
1185 2738 1220 2774 lc
1239 2738 1324 2774 Bon
1352 2737 1446 2775 etait
1473 2747 1575 2774 soeur
1597 2735 1646 2773 de

223 2799 369 2838 Robert
388 2800 440 2847 ΙΙ,
462 2800 552 2848 pere
572 2799 619 2837 de
646 2799 852 2837 Baudouin
872 2799 950 2836 VII
971 2800 1081 2846 (Mon.
1110 2799 1230 2836 Germ.
1258 2802 1352 2835 tom.
1381 2797 1462 2844 cit„
1490 2808 1528 2844 p.
1560 2796 1642 2843 540,

223 2859 289 2897 lin.
313 2859 362 2908 2).
383 2880 432 2887 —
452 2859 587 2907 Comp.
611 2858 696 2907 plus
716 2858 782 2896 has
805 2859 841 2896 la
860 2863 951 2896 note
971 2859 993 2895 ὲ
1014 2858 1049 2895 13
1070 2862 1136 2895 str.
1159 2857 1229 2894 202
1250 2857 1316 2894 des
1336 2857 1427 2895 Gest.
1451 2857 1610 2894 Nicolai.
