2092 3490
504 353 565 387 210
1131 351 1265 385 GESTA

793 439 1002 488 refutatis
1026 439 1267 488 obsidibus

792 522 839 564 et
862 521 1022 580 presto
1047 515 1216 563 fidem1
1245 516 1344 565 eius

791 607 1073 641 conservare
1095 592 1362 656 episcopus.

501 672 595 720 256
854 669 1048 718 Nolente
1072 685 1187 734 ergo
1213 670 1416 734 Symone

789 744 848 793 ad
874 744 1111 808 presulem
1134 760 1347 792 remeare

788 837 874 869 nec
898 821 1132 885 promissa
1155 837 1384 886 peragere

786 897 1104 963 permanentis
1128 897 1342 956 fiduciae,

497 978 592 1027 257
852 974 1013 1024 dicunt
1037 975 1163 1025 cives
1188 975 1460 1039 episcopum

787 1051 846 1100 de
871 1052 964 1100 fide
988 1069 1091 1101 esse
1113 1052 1330 1111 liberum,

786 1128 865 1192 qui
890 1128 950 1176 de
975 1133 1129 1177 castro
1154 1128 1409 1192 pollicitum
1468 1120 1475 1125 ’

785 1221 878 1253 non
902 1205 1042 1254 habet
1065 1205 1402 1254 vadimonium.

495 1285 589 1334 258
849 1282 981 1331 Cives
1006 1288 1162 1331 tamen
1186 1299 1280 1330 non
1302 1281 1486 1331 modice

783 1359 1050 1408 dubitantes
1074 1359 1132 1407 de
1157 1362 1360 1424 Symone

783 1436 902 1484 sicut
926 1435 986 1484 de
1009 1436 1113 1484 viro
1138 1436 1284 1484 divite

783 1513 863 1577 qui
888 1513 1062 1562 malum
1086 1519 1244 1578 potest
1267 1513 1420 1562 facere

491 1593 584 1643 259
846 1596 1048 1655 querunt
1073 1590 1161 1639 sibi
1184 1590 1406 1639 auxilium

780 1684 807 1715 a
833 1667 1001 1715 comite
1025 1668 1359 1717 Montensium²

784 1748 923 1808 atque
948 1745 1350 1794 Cameracensium

779 1821 868 1870 sibi
893 1827 1075 1870 casatos
1097 1821 1354 1879 attrahunt,

488 1899 583 1947 260
843 1898 892 1946 in
916 1899 1102 1947 firmam
1120 1898 1372 1947 amicitiam

778 1979 825 2024 et
846 1974 1022 2023 bonam
1047 1975 1388 2034 sustinentiam,

776 2051 943 2117 ligatos
967 2069 1054 2116 per
1078 2051 1420 2100 communiam3

777 2135 823 2176 et
847 2145 934 2193 per
959 2130 1102 2179 fidem
1124 2129 1394 2178 exhibitam.

534 2257 565 2293 1.
595 2259 715 2302 fidem.
737 2257 842 2294 Dans
861 2257 896 2295 le
915 2269 987 2294 ms.
1010 2258 1213 2295 au-dessus
1234 2258 1281 2295 de
1301 2258 1337 2295 la
1357 2258 1470 2305 ligne.

532 2316 568 2353 2.
595 2316 795 2353 Baudouin
814 2317 883 2363 IV,
905 2321 1028 2354 comte
1045 2317 1091 2354 de
1111 2317 1294 2364 Hainaut,
1317 2319 1537 2355 surnomme
1557 2319 1589 2354 le
1610 2317 1803 2354 Ba‘tisseur.

533 2375 567 2411 3.
595 2374 649 2412 Le
670 2380 750 2412 mot
769 2378 981 2412 communia
1010 2376 1154 2413 semble
1183 2376 1351 2423 signifier
1378 2376 1447 2422 ici,
1477 2386 1552 2412 non
1578 2385 1645 2423 pas
1672 2386 1880 2417 commune,

484 2432 582 2469 mais
596 2436 768 2476 anianae,
792 2436 1055 2479 conspiration.
1078 2434 1183 2471 Dans
1198 2434 1253 2471 les
1267 2438 1393 2470 autres
1406 2433 1575 2470 endroits
1589 2433 1635 2470 de
1651 2437 1760 2471 notre
1773 2433 1885 2471 docu-

485 2497 592 2529 ment
610 2494 659 2529 οὺ
677 2493 706 2529 il
725 2497 783 2530 est
802 2492 976 2541 employe
998 2493 1184 2541 (indiques
1203 2494 1226 2529 a.
1244 2493 1281 2530 la
1300 2494 1353 2530 fin
1372 2493 1422 2529 du
1444 2493 1597 2531 volume
1615 2492 1710 2530 dans
1729 2493 1766 2530 la
1785 2491 1884 2530 table

485 2551 551 2588 des
564 2555 705 2588 termes
724 2551 770 2589 de
788 2551 898 2589 basse
919 2551 1079 2599 latinite‚
1102 2564 1146 2589 au
1164 2557 1244 2589 mot
1258 2552 1498 2600 communia),
1519 2551 1547 2588 il
1562 2556 1651 2600 peut
1664 2563 1704 2590 se
1716 2550 1884 2589 traduire

484 2622 552 2659 par
571 2622 772 2653 commune,
795 2611 892 2648 mais
913 2622 961 2648 en
981 2611 1217 2649 l'entendant
1236 2612 1331 2649 dans
1344 2623 1398 2648 un
1413 2623 1500 2649 sens
1514 2611 1587 2649 fort
1600 2611 1764 2659 general,
1784 2622 1884 2648 mar-

484 2675 605 2718 quant
624 2670 845 2707 l’ensemble
864 2670 930 2707 des
949 2670 1140 2708 habitants
1159 2671 1205 2708 de
1227 2671 1262 2708 la
1281 2670 1368 2708 ville
1381 2671 1446 2719 qui
1461 2670 1643 2708 n'etaient
1654 2681 1723 2718 pas
1736 2669 1881 2716 nobles,

485 2733 522 2766 et
542 2741 617 2767 non
639 2741 705 2777 pas
724 2741 800 2767 une
820 2741 1010 2767 commune
1028 2734 1270 2778 proprement
1289 2730 1380 2778 dite,
1401 2734 1517 2779 ayant
1532 2741 1608 2767 une
1626 2729 1882 2778 organisation

484 2799 617 2835 propre
637 2793 675 2826 et
693 2788 759 2826 des
779 2789 896 2827 droits
915 2789 1163 2837 municipaux
1184 2800 1372 2827 reconnus
1383 2818 1393 2837 ,
1417 2789 1586 2826 limitant
1605 2799 1698 2826 ceux
1718 2788 1785 2825 des
1804 2788 1880 2825 sei-

484 2858 625 2894 gneurs
645 2847 816 2885 feodaux.
