2092 3490
242 590 305 636 90

243 861 370 944 94⁸

247 1210 309 1259 92

248 1522 309 1569 93

252 1831 314 1881 94

252 2147 313 2193 95

255 2460 317 2506 96

258 2771 320 2816 97

764 335 1024 369 BURGHARDI.
1046 336 1072 367 1.

500 427 748 494 magnifice
772 425 1091 492 compositum

503 505 762 571 receptioni
788 522 1075 572 pauperum,

570 583 700 650 quod
724 583 858 634 urbis
882 583 1022 650 hujus
1047 583 1260 650 presules

502 667 550 711 et
575 661 857 711 clericorum
882 660 1070 720 divites,

503 739 666 797 casati,
695 738 840 798 cives,
870 738 1041 787 milites

504 816 825 866 hereditarant
850 815 1051 881 pleniter

571 894 631 943 de
657 894 755 943 suis
780 893 1037 952 beneficiis,

431 973 433 976 ’
505 972 565 1021 de
591 971 813 1029 culcitris,
844 970 904 1019 de
929 970 1097 1029 feodis,

505 1050 566 1099 de
590 1049 751 1108 terris,
782 1048 842 1098 de
868 1048 1034 1098 alodiis

505 1133 553 1176 et
577 1126 740 1176 multis
762 1125 908 1175 rebus
933 1126 1053 1176 aliis,

574 1209 673 1255 Hoc
696 1204 930 1270 hospitale
955 1205 1142 1254 Domini

507 1284 582 1334 cui
607 1283 831 1333 volebant
854 1283 1033 1332 homini

508 1361 824 1428 disponebant
849 1361 1060 1427 episcopi

508 1440 747 1508 egentium
772 1440 1007 1506 regimini.

574 1518 672 1568 Sub
697 1517 1002 1582 antiquorum
1026 1522 1244 1582 tempore

510 1601 669 1646 rector
692 1596 832 1663 hujus
858 1595 1100 1645 custodiae

512 1680 712 1742 propter
737 1674 938 1724 salutem
963 1674 1147 1723 animae

511 1752 732 1802 studebat
756 1752 880 1801 bene
904 1752 1076 1801 facere.

577 1834 706 1880 Tunc
729 1830 962 1895 temporis
987 1829 1047 1879 de
1072 1829 1295 1878 omnibus

512 1908 784 1958 abundabat
806 1908 889 1958 Dei
915 1907 1104 1967 domus,

514 1986 575 2036 de
597 1986 800 2035 diversis
824 1986 1097 2051 pecoribus,

512 2064 688 2131 porcis,
717 2064 872 2113 vaccis
898 2070 946 2112 et
971 2063 1159 2113 ovibus.

578 2142 671 2192 Sed
697 2142 978 2191 succedente
1003 2141 1151 2190 altero

513 2227 624 2288 post
648 2221 850 2270 alterum
875 2221 1102 2286 episcopo

514 2299 562 2347 in
586 2298 801 2365 pejorem
825 2297 886 2347 de
911 2298 1118 2364 maligno

516 2376 742 2427 successit
765 2377 882 2426 haec
905 2367 1133 2442 provisio.

582 2455 842 2504 Minoratur
867 2454 994 2503 enim
1019 2454 1191 2503 domus

517 2532 678 2598 pravis
703 2531 1096 2597 successionibuS‚

517 2629 544 2659 a
569 2615 755 2659 rectore
778 2609 1049 2676 negligitur,

518 2707 545 2737 a
571 2688 767 2737 custode
793 2687 1030 2753 diripitur.

586 2766 672 2826 Qui
697 2783 775 2815 res
800 2766 901 2832 ejus
926 2765 1214 2822 custodiunt,

520 2844 600 2908 qui
622 2850 800 2902 tenent,
830 2844 911 2908 qui
935 2843 1168 2908 recipiunt

1567 337 1625 372 135
