2092 3490
471 352 531 385 ἏὊ

471 519 562 565 ⁴87
637 488 641 492 ⁴

466 826 557 871 488

462 1134 553 1179 489

459 1442 549 1488 ⁴90

456 1726 581 1795 πη

453 2060 545 2108 492

451 2368 542 2413 ’193

450 2595 542 2643 494-

1111 349 1245 381 GESTA

761 442 926 502 captus
949 437 1112 485 vivens
1136 444 1327 487 necatus
1351 444 1439 496 est,

824 512 966 578 quem
990 513 1244 579 diligebant
1271 514 1521 581 principes,

758 590 1105 639 venerabantur
1114 599 1119 602 “
1129 590 1325 640 comites
1331 630 1343 650 ,

759 667 832 716 cui
858 667 1130 731 frequenter
1150 667 1331 717 nobiles

756 744 1103 793 famulabantur
1126 744 1313 794 milites.

819 821 937 871 Justi
962 821 1088 870 enim
1106 821 1290 887 justicia

755 915 850 947 non
875 903 977 946 erat
1001 898 1066 946 ita
1090 898 1276 964 cognita

755 992 841 1041 per
861 975 964 1023 loca
988 975 1128 1040 longe
1154 974 1308 1040 posita

750 1057 803 1102 ut
828 1052 1021 1101 Gerardi
1046 1051 1271 1116 potentia.

820 1129 905 1189 Qui
932 1130 971 1178 si
996 1129 1231 1179 timuisset
1254 1133 1402 1178 Deum

750 1213 797 1256 et
823 1213 1025 1256 amasset
1045 1207 1340 1271 episcopum,

749 1283 877 1332 solus
901 1289 1055 1332 terrae
1081 1283 1341 1355 dominium

748 1361 977 1410 tenuisset
1002 1361 1169 1410 subtus
1195 1378 1321 1410 eum.

813 1443 870 1488 Et
892 1439 1001 1503 quia
1023 1439 1186 1503 presul
1209 1438 1446 1488 hominem

747 1521 795 1564 et
819 1532 978 1564 comes
1003 1521 1187 1565 tantum
1211 1517 1434 1566 comitem

747 1593 1002 1642 amiserant
1025 1610 1114 1658 per
1137 1594 1257 1643 hanc
1282 1600 1487 1644 mortem

746 1669 805 1719 ab
832 1670 989 1719 exosis
1014 1670 1341 1735 compositam,

810 1748 1122 1811 communiter
1146 1753 1410 1797 statuerunt

744 1831 792 1874 et
815 1842 902 1890 per
927 1825 1071 1874 fidem
1095 1826 1404 1875 firmaverunt

746 1902 874 1967 quod
899 1903 1021 1951 inter
1047 1920 1097 1951 se
1123 1920 1217 1951 non
1243 1903 1499 1952 manebunt

742 1980 823 2044 qui
849 1979 958 2028 odio
984 1987 1292 2029 necaverunt.-
1312 1986 1316 1990 ”

806 2059 896 2105 Per
918 2056 1009 2106 hoc
1033 2073 1149 2123 ergo
1175 2057 1479 2107 constitutum

742 2134 953 2199 oportuit
978 2151 1215 2199 quemque
1238 2135 1396 2186 virum

743 2211 803 2260 de
830 2211 1024 2261 Gerardi
1048 2218 1203 2260 morte
1228 2229 1364 2261 reum

740 2287 898 2336 laxare
923 2288 1074 2336 natale
1099 2289 1268 2337 solum.

805 2364 990 2423 domos,
1018 2369 1171 2413 terras
1188 2364 1477 2429 relinquere,

740 2457 847 2490 cum
872 2440 1080 2489 externis
1104 2440 1333 2499 habitare,

739 2518 919 2567 exulari
943 2523 991 2566 et
1015 2517 1194 2566 vivere.

805 2595 1022 2660 Oportuit
1047 2600 1094 2643 et
1118 2596 1356 2660 presulem

738 2672 996 2738 prophanis
1021 2678 1220 2736 propter
1244 2673 1465 2722 comitem

738 2750 852 2799 dare
877 2749 1221 2798 absolutionem

738 2826 818 2890 qui
844 2825 1050 2874 Gerardo
1076 2825 1350 2874 servierant.
