2092 3490
816 327 1047 361 GALGHERI.
1603 326 1643 360 49

521 421 779 467 Remorum
803 415 1110 482 archipresuli

519 495 789 546 nuntiantes
814 493 943 559 quod
970 493 1182 544 Galcheri

287 637 290 640 ‚
327 638 330 641 Ι
519 573 778 624 destructio
803 572 1015 638 episcopi

225 653 322 704 287
585 651 633 700 in
658 656 937 717 promptum
962 655 1034 699 est
1059 649 1099 700 si
1122 652 1382 700 Manassem

517 729 767 779 benedicat
791 729 839 778 in
863 728 1122 794 presulem.

516 810 634 856 Nam
659 807 699 856 si
724 807 816 856 hoc
838 806 963 866 facit,
993 806 1203 856 debitam

516 884 605 935 sibi
631 884 949 934 obedientiam

221 963 318 1016 288
582 979 750 1012 omnes
776 962 977 1011 clamant
1000 961 1276 1027 impendere

517 1047 565 1090 et
589 1040 868 1090 Galcherum
893 1040 1161 1104 relinquere
1189 1057 1199 1087 :

516 1118 755 1184 spondent
780 1117 962 1168 servire
987 1120 1199 1168 Manasse

463 1219 466 1223 ’
515 1201 565 1247 et
589 1196 818 1246 Galchero
842 1196 1083 1246 resistere.

219 1275 316 1326 289
581 1277 793 1334 Quorum
815 1273 1010 1323 tandem
1035 1272 1229 1323 consilio

513 1351 568 1400 fit
592 1351 652 1400 ab
678 1351 1034 1417 archiepiscopo

512 1445 608 1478 non
630 1431 872 1495 'spectante
898 1429 947 1478 in
973 1429 1133 1479 futuro

511 1509 721 1556 Manasse
746 1507 1080 1556 consecratio¹.

258 1687 300 1727 ‘1.
328 1689 438 1728 Cette
457 1691 721 1730 consecration
741 1692 846 1730 avait
867 1691 928 1730 ete
954 1691 1052 1729 fixee
1071 1702 1138 1740 par
1157 1690 1421 1739 l'archeveque
1442 1689 1640 1728 Manasses

217 1749 240 1787 ὲ
264 1749 423 1789 l'octave
448 1751 496 1789 de
520 1751 558 1788 la
581 1751 791 1790 Pentecote
817 1752 860 1799 (8
882 1753 968 1801 juin
1001 1752 1118 1795 1096)
1148 1753 1239 1799 (Rec.
1276 1753 1335 1789 des
1366 1752 1458 1788 Hist.
1489 1752 1531 1788 de
1559 1752 1635 1795 Fr„

217 1814 246 1847 t.
255 1809 349 1858 XV,
362 1821 398 1859 p.
414 1810 478 1848 181
491 1823 502 1856 ;
516 1812 677 1848 Manass.
694 1813 799 1849 arch.
812 1813 996 1849 Remensis
1009 1814 1113 1859 epist.
1129 1813 1179 1848 ad
1191 1812 1425 1849 Lambertum
1439 1810 1637 1858 Atrebat.);

215 1868 314 1907 mais
333 1869 407 1908 elle
426 1870 485 1908 fut
504 1870 659 1909 differee
672 1871 695 1909 a
708 1883 823 1910 cause
843 1871 890 1909 de
911 1871 1099 1910 l’absence
1120 1871 1172 1909 du
1191 1876 1317 1910 comte
1335 1870 1382 1908 de
1401 1870 1580 1919 Flandre,
1602 1875 1641 1908 et

214 1927 557 1968 l’administration
581 1930 629 1968 de
654 1930 801 1979 l’eglise
830 1931 877 1968 de
904 1931 1082 1969 Cambrai
1109 1930 1168 1967 fut
1195 1930 1340 1969 confiee
1365 1941 1415 1968 en
1439 1929 1641 1967 attendant

215 1998 283 2037 par
301 1987 337 2026 le
355 1990 484 2027 meme
504 1989 742 2040 archeveque
768 1990 791 2028 a
815 1989 988 2040 l'eveque
1008 1990 1165 2028 d'Arras
1187 1991 1306 2040 (Ibid.‚
1334 1991 1508 2038 Ejusdem
1533 1991 1634 2036 epist.

212 2048 264 2084 ad
289 2050 432 2086 clerum
457 2053 491 2086 et
510 2053 694 2097 populum
714 2050 931 2099 Gamerae).
966 2050 1075 2089 Nous
1103 2061 1154 2088 ne
1185 2054 1370 2088 trouvons
1397 2060 1466 2098 pas
1494 2048 1638 2085 d'autre

213 2105 428 2146 indication
447 2119 625 2158 expresse
643 2121 741 2158 pour
759 2110 798 2148 la
817 2110 904 2148 date
924 2109 971 2148 de
991 2110 1028 2148 la
1047 2110 1312 2149 consecration
1331 2109 1379 2148 de
1398 2109 1571 2157 l'eveque
1591 2108 1639 2145 de

212 2166 392 2205 Cambrai
410 2168 620 2207 Manasses.
643 2170 749 2208 Pour
767 2171 804 2208 la
822 2170 1068 2218 dieterminer,
1092 2182 1142 2208 au
1162 2170 1291 2208 moins
1311 2168 1638 2218 approximative-

211 2231 334 2276 ment,
355 2227 386 2265 il
405 2239 454 2266 116
472 2240 571 2267 nous
591 2235 690 2268 reste
710 2241 784 2279 que
808 2230 864 2268 les
889 2230 996 2268 dates
1025 2230 1092 2268 des
1118 2230 1309 2279 diplomes
1336 2241 1385 2267 ou
1415 2229 1565 2267 chartes
1591 2228 1639 2265 de

212 2282 397 2326 donatio'n
416 2288 574 2329 emanes
594 2290 642 2328 de
661 2295 721 2329 cet
740 2290 898 2340 eveque.
920 2291 1030 2329 Nous
1047 2291 1206 2328 n'avons
1226 2301 1295 2339 pas
1316 2289 1338 2327 a
1357 2300 1457 2326 nous
1476 2299 1640 2336 occuper

211 2345 264 2383 ici
282 2345 349 2384 des
367 2347 461 2386 trois
480 2348 684 2398 diplomes‚
706 2361 812 2388 assez
834 2355 1008 2398 suspects
1027 2350 1079 2388 du
1100 2354 1212 2397 reste,
1234 2349 1302 2398 qui
1323 2352 1478 2397 portent
1496 2348 1534 2385 la
1550 2347 1638 2384 date

211 2404 260 2443 de
274 2405 367 2444 1095
383 2407 453 2452 (Le
467 2407 702 2458 Carpentier‚
719 2412 815 2448 Hist.
831 2412 873 2448 de
887 2411 1071 2457 Cambray
1080 2441 1088 2455 ‚
1102 2410 1176 2447 1V⁰
1190 2414 1288 2459 part.
1309 2411 1506 2456 (Preuves),
1521 2419 1558 2457 p.
1578 2407 1635 2455 13,

210 2470 250 2503 et
268 2466 323 2505 Le
342 2467 455 2518 may,
476 2470 588 2508 Gloss.
613 2475 750 2519 topoqr.
778 2473 820 2509 de
848 2474 957 2509 l’anc.
988 2472 1205 2516 Οαφηϋνέεῑε,
1234 2482 1272 2520 p.
1303 2470 1376 2518 21).
1407 2470 1480 2507 Les
1509 2473 1637 2506 autres

210 2530 300 2563 sont
317 2536 367 2564 au
385 2527 547 2568 nombre
565 2529 613 2567 de
632 2541 740 2580 onze,
762 2531 857 2569 dont
882 2531 983 2569 voici
1013 2531 1050 2569 la
1078 2531 1168 2568 liste
1195 2541 1266 2579 par
1290 2529 1401 2567 ordre
1430 2528 1635 2567 chronolo-

208 2584 339 2635 gique,
359 2597 452 2625 avec
470 2587 508 2625 la
525 2589 803 2640 transcription
824 2591 1007 2630 textuelle
1027 2592 1095 2630 des
1113 2591 1221 2629 dates
1242 2589 1473 2639 respectives
1499 2602 1507 2626 ε

259 2651 294 2689 1.
318 2652 424 2692 1096.
444 2653 507 2691 En
526 2654 660 2693 favour
678 2656 726 2695 de
745 2657 921 2707 l’abbaye
939 2658 986 2696 de
1007 2658 1252 2696 Grammont.
1269 2658 1342 2695 Hoc
1354 2660 1479 2694 autem
1493 2656 1635 2702 factum

210 2715 262 2749 est
303 2723 404 2750 anno
447 2715 662 2753 Dominicae
704 2719 984 2756 Incarnationis
1028 2721 1227 2757 millesimo
1266 2718 1501 2764 nonayesimo
1538 2718 1635 2751 sexto

210 2771 412 2822 (miraeus,
434 2774 497 2821 Op.
519 2776 628 2822 dipl„
650 2779 680 2814 t.
701 2775 734 2824 Ι,
755 2789 793 2826 p.
817 2778 914 2826 165).

257 2838 292 2875 2.
321 2838 427 2878 1097.
448 2839 509 2878 En
529 2840 662 2880 faveur
681 2842 728 2881 de
747 2842 923 2893 l'ahbaye
942 2844 989 2883 de
1008 2843 1302 2884 Saint-Auhert.
1332 2843 1467 2882 Actum
1493 2843 1558 2879 hoc
1582 2844 1633 2877 est

1431 2903 1451 2938 4
