2092 3490
490 360 552 393 216
1126 350 1259 390 casn

781 448 1063 512 quicumque
1087 452 1212 494 amat
1236 447 1505 511 proximum

782 530 830 572 et
854 523 1134 587 quicumque
1156 522 1266 571 facit
1289 539 1427 572 suum

780 599 971 649 alterius
996 599 1348 648 detrimentum.

647 763 729 806 De
759 760 1071 815 receptione
1105 761 1325 805 comitas
1355 762 1500 806 infra
1525 765 1727 808 urbem.

487 917 582 966 298
844 913 913 963 Ob
938 914 1058 962 hanc
1082 913 1430 962 tribulationem

779 990 914 1039 valde
939 990 1279 1039 intolerabilem

777 1073 1057 1132 receperunt
1081 1067 1128 1115 in
1154 1067 1271 1115 hanc
1295 1067 1464 1116 urbem
1516 1075 1518 1077 ’

776 1144 902 1193 cives
927 1144 1171 1193 comitem¹
1200 1148 1506 1204 Montensem,

485 1224 579 1273 299
841 1224 991 1286 Super
1017 1238 1154 1270 suum
1178 1222 1469 1287 episcopum,

777 1315 920 1363 super
946 1315 1081 1347 suum
1109 1298 1425 1357 castellanum,

777 1394 803 1424 a
828 1381 996 1424 neutro
1022 1376 1267 1423 consilium

776 1452 1068 1515 requirentes
1094 1468 1180 1500 nec
1205 1468 1467 1510 assensum,

486 1530 578 1576 300
840 1533 886 1575 et
912 1528 1104 1576 collecta
1127 1527 1290 1576 militia

775 1610 916 1668 atque
941 1604 1073 1652 urbis
1097 1604 1360 1652 communia

772 1681 1010 1730 vindicare
1035 1687 1238 1747 pergunt
1262 1682 1467 1746 dampna

774 1775 866 1822 que
892 1760 1066 1823 Symon
1091 1758 1158 1806 eis
1183 1759 1373 1806 fecerat.

482 1837 565 1883 304
838 1837 1013 1900 Symon
1038 1835 1170 1894 arsit,
1201 1835 1335 1883 ardet
1359 1852 1518 1884 comes
1547 1854 1557 1883 :

771 1911 946 1976 predas
969 1912 1094 1970 facit,
1124 1912 1325 1976 predant
1349 1912 1474 1961 cives
1500 1930 1510 1961 ε

772 1989 976 2053 dampna
1003 1989 1090 2037 sibi
1116 1989 1345 2053 equaliter

769 2082 865 2113 non
890 2066 1073 2114 minora
1097 2066 1335 2114 facientes.

481 2143 574 2192 302
836 2145 1028 2190 Terram
1054 2158 1187 2190 suam
1212 2142 1498 2206 populantur

766 2223 815 2266 et
833 2235 1127 2283 quecumque
1149 2218 1492 2283 pretenduntur

770 2295 837 2343 sic
863 2295 1019 2343 omnia
1045 2295 1366 2359 dissippantur

768 2372 896 2436 quod
920 2372 1041 2420 bene
1066 2388 1116 2420 se
1142 2372 1442 2420 ulciscuntur.

478 2451 571 2496 303
833 2452 927 2497 Hec
952 2465 1040 2512 pro
1066 2448 1192 2496 bono
1217 2448 1392 2497 ducunt
1417 2448 1638 2513 dampna,

768 2525 896 2589 quod
921 2525 969 2572 in
994 2524 1168 2573 ultione
1194 2541 1278 2573 sua

769 2600 1008 2649 destructa
1032 2607 1104 2649 est
1127 2601 1251 2649 bona
1274 2606 1402 2650 terra

766 2683 814 2726 et
838 2678 1010 2727 inculta
1035 2677 1274 2726 derelicta.

525 2854 556 2890 Ἰ.
585 2857 765 2892 cometem.
788 2854 893 2892 Dans
914 2855 948 2892 le
968 2866 1039 2891 ms.
1063 2855 1256 2892 au-dessus
1277 2855 1323 2892 de
1343 2855 1378 2892 la
1399 2855 1513 2903 ligne.
