2092 3490
486 362 543 395 140
1119 355 1253 401 GESTA

483 464 588 496 rum
614 445 760 494 coacti
786 448 893 492 sunt
917 442 1057 490 talem
1084 442 1171 490 sub
1191 445 1286 490 Deo
1307 442 1390 490 sibi
1411 446 1661 506 patronum
1683 458 1881 507 querere

483 524 614 589 cujus
638 520 847 586 potentia
871 525 997 566 tanta
1024 518 1242 582 iniquitas
1271 523 1491 582 tantaque
1522 525 1766 584 raptorum
1797 520 1884 567 im-

483 601 680 648 manitas
705 601 855 646 cesset
880 611 1094 660 regnare.
1129 598 1425 660 Quapropter
1450 596 1714 660 predictum
1737 598 1884 644 Karo-

484 677 579 724 lum
617 674 834 723 comitem
870 671 1191 720 Flandriarum
1230 671 1319 720 sibi
1356 673 1696 721 constituerunt
1734 672 1884 720 domi-

483 753 644 809 num1,
699 750 757 798 ad
808 749 1060 797 vindictam
1110 748 1484 807 malefactorum,
1538 749 1722 798 laudem
1769 766 1884 799 vero

482 830 715 877 bonorum
737 845 746 875 :
769 827 943 891 quippe
964 842 1106 890 quem
1131 826 1549 875 circummanentes
1571 826 1885 876 formidabant

482 905 718 971 predones
742 910 983 968 tamquam
1008 903 1283 952 tonitruum.
1319 906 1418 962 Quo
1450 905 1720 968 frequenter
1747 903 1885 952 istam

482 989 658 1032 terram
689 982 906 1030 visitante
935 988 981 1030 et
1012 981 1071 1029 de
1107 981 1285 1030 cunctis
1316 981 1690 1030 malefactoribus
1720 998 1884 1046 pacem

481 1060 692 1117 faciente,
719 1059 922 1107 cultores
941 1058 1000 1106 ad
1020 1058 1151 1106 villas
1170 1058 1385 1117 redeunt,
1410 1059 1510 1107 loca
1529 1058 1716 1107 deserta
1733 1059 1881 1107 coloni

482 1142 699 1201 repetunt
724 1155 733 1184 ε
763 1153 851 1201 pro
876 1135 1060 1184 comitis
1085 1135 1295 1184 custodia
1322 1136 1543 1200 pacisque
1568 1135 1717 1184 leticia
1741 1135 1883 1184 oblita

482 1220 554 1263 est
580 1220 708 1263 retro
733 1213 890 1262 habita
915 1213 1067 1262 omnis
1091 1212 1281 1261 malitia.

552 1301 638 1343 12.
677 1299 891 1346 Ceterum
916 1296 1032 1344 infra
1057 1296 1322 1344 biennium2
1340 1301 1538 1361 propter
1556 1298 1771 1344 nostrum
1788 1295 1884 1344 for-

481 1380 602 1422 tasse
628 1380 873 1439 peccatum
896 1373 1048 1422 ablata
1073 1379 1145 1421 est
1161 1392 1188 1421 a
1207 1374 1342 1422 nobis
1367 1379 1499 1422 tanta
1523 1373 1813 1439 prosperitas
1837 1378 1885 1422 et

481 1451 667 1500 diabolo
707 1451 954 1516 instigante
992 1450 1051 1499 ad
1084 1456 1272 1515 tempus
1307 1451 1534 1515 prevaluit
1568 1450 1883 1515 superborum

481 1528 715 1592 iniquitas.
746 1528 973 1577 Comitem
1004 1527 1128 1575 enim
1153 1528 1399 1586 Karolum,
1434 1545 1521 1592 per
1545 1544 1686 1592 quem
1711 1527 1771 1575 ad
1797 1544 1883 1576 nos

481 1623 573 1669 pax
592 1606 682 1653 leta
701 1604 1025 1663 descenderat,
1046 1604 1171 1668 apud
1190 1605 1386 1671 Brugias
1404 1604 1701 1654 tradiderunt
1715 1604 1880 1653 morti3

480 1681 693 1730 homines
730 1681 800 1730 sui
834 1681 1100 1745 proditores
1134 1681 1288 1746 impii,
1332 1682 1377 1730 in
1417 1681 1794 1747 quadragesima,
1835 1681 1882 1729 in

480 1758 700 1807 aecclesia
724 1759 805 1807 Dei
832 1764 879 1806 et
903 1758 1026 1806 beati
1051 1758 1216 1806 Donati
1241 1758 1434 1806 missam
1459 1776 1518 1807 ex
1549 1759 1684 1807 solito
1711 1758 1882 1807 devote

480 1836 746 1884 audientem
766 1841 812 1884 et
830 1836 951 1883 facta
976 1834 1207 1883 oblatione
1233 1835 1465 1884 sacerdoti
1490 1841 1538 1884 et
1561 1841 1755 1884 extenso
1778 1851 1883 1883 cor-

480 1930 595 1977 pore
628 1918 734 1961 ante
769 1929 955 1961 sacrum
989 1912 1133 1961 altare
1164 1913 1413 1961 Dominum
1447 1918 1738 1962 exorantem.
1774 1915 1881 1962 Mox

529 2079 559 2113 1.
588 2078 745 2126 D'apres
766 2078 945 2114 Lambert
964 2077 1009 2113 de
1029 2077 1244 2124 Watrelos,
1276 2089 1317 2115 ce
1344 2078 1401 2114 fut
1419 2077 1574 2115 Charles
1595 2077 1797 2115 lui-meme
1816 2078 1881 2126 qui

478 2137 667 2174 demanda
685 2138 707 2173 a
727 2138 953 2184 l'empereur
973 2136 1009 2173 la
1032 2137 1244 2185 seigneurie
1265 2137 1314 2173 du
1336 2136 1552 2174 Camhresis
1573 2142 1611 2174 et
1627 2137 1787 2184 l’ohtint,
1809 2138 1831 2174 ὲ
1847 2137 1882 2174 la

475 2196 617 2243 grande
633 2196 710 2244 joie
730 2195 780 2232 du
801 2195 938 2243 peuple
959 2200 997 2233 et
1016 2196 1067 2232 du
1087 2196 1222 2243 clerge.
1253 2195 1358 2232 Cette
1379 2196 1599 2233 concession
1626 2201 1683 2233 est
1701 2196 1882 2244 marquee

476 2255 572 2292 dans
592 2255 647 2291 les
661 2254 834 2291 Annales
849 2254 895 2291 de
909 2254 1088 2291 Lambert
1107 2255 1129 2291 a
1147 2254 1223 2291 l’an
1239 2255 1342 2291 1122.
1367 2256 1522 2291 Karalus
1543 2266 1654 2292 comes
1668 2257 1876 2299 Flandriae,

477 2313 602 2359 dit-il,
629 2315 693 2350 hoc
711 2325 811 2350 anno
830 2315 1039 2350 dominium
1061 2314 1249 2350 Gameraoi
1268 2315 1312 2349 ab
1333 2316 1554 2359 imperatore
1574 2316 1729 2351 Henrico
1749 2317 1876 2361 petiit,

477 2375 543 2419 qui
561 2375 595 2409 ei
613 2374 702 2409 satis
722 2374 969 2409 amicabiliter
989 2375 1171 2409 concessit.
1196 2373 1292 2409 Unde
1315 2383 1389 2408 non
1409 2374 1550 2409 modica
1571 2375 1688 2409 letitia
1707 2374 1748 2409 de
1767 2375 1880 2410 domi-

478 2436 570 2468 natu
590 2435 666 2478 eJus
686 2434 824 2468 civibus
844 2434 978 2467 nostris
997 2436 1029 2467 et
1049 2434 1154 2468 cleris
1174 2433 1267 2477 fuit,·
1296 2443 1384 2467 nam
1409 2433 1512 2468 valde
1530 2434 1656 2468 attriti
1679 2436 1796 2468 erant.
1824 2433 1881 2469 Aa

478 2495 581 2538 cujus
595 2493 793 2528 adventum
807 2502 890 2527 moa:
903 2494 1029 2527 omnia
1042 2493 1165 2527 sedata
1177 2495 1265 2527 sunt
1279 2491 1483 2535 (Lambert.
1500 2491 1710 2537 Watrelos,
1725 2503 1761 2540 p.
1780 2491 1876 2534 513).

524 2551 559 2587 2.
588 2551 621 2587 Il
641 2563 667 2598 y
687 2562 710 2587 a
729 2550 775 2588 ici
799 2561 875 2587 une
895 2550 1173 2597 inexactitude,
1205 2549 1256 2586 du
1275 2550 1402 2587 moins
1423 2550 1455 2586 si
1475 2550 1550 2588 l'on
1571 2550 1651 2587 s'en
1670 2551 1768 2588 tient
1785 2561 1879 2598 pour

478 2610 514 2646 la
541 2610 627 2647 date
656 2610 722 2647 des
751 2612 997 2647 evenements
1027 2608 1219 2657 rapportes
1248 2609 1333 2656 plus
1363 2609 1456 2646 haut
1487 2621 1536 2646 au
1566 2609 1803 2658 temoignage
1831 2608 1878 2646 de

477 2669 656 2706 Lambert
687 2669 733 2706 de
762 2668 969 2706 Watrelos.
1001 2668 1071 2706 Ces
1100 2669 1345 2705 evenements
1378 2668 1514 2706 s'etant
1544 2669 1672 2717 passes
1702 2679 1751 2705 en
1787 2667 1878 2704 1122

479 2730 614 2775 (comp.
637 2727 673 2765 la
689 2732 780 2772 ‚note
798 2728 1058 2776 precedente),
1085 2727 1113 2764 il
1140 2728 1220 2764 faut
1246 2732 1414 2775 compter
1439 2740 1486 2766 au
1506 2728 1633 2765 moins
1652 2731 1783 2775 quatre
1808 2737 1876 2763 ans

474 2787 625 2835 jusqu'a
644 2788 681 2824 la
698 2792 800 2824 mort
817 2788 864 2824 de
886 2787 1043 2824 Charles
1064 2787 1098 2824 le
1117 2787 1214 2824 Bon.

527 2847 559 2883 3.
590 2847 642 2883 Le
661 2847 682 2883 2
703 2858 804 2883 mars
827 2848 915 2884 1127
939 2847 1082 2889 (Lamb.
1106 2846 1314 2890 Watrelos,
1336 2858 1370 2893 p.
1397 2847 1488 2892 513).
