2092 3490
506 347 545 380 64

503 663 597 711 364

500 975 593 1020 365

497 1282 589 1329 366

493 1591 584 1636 367

489 1897 580 1942 368

486 2203 578 2248 369

484 2511 575 2556 370

480 2818 562 2864 371

1132 345 1268 378 GESTA

811 519 892 562 De
924 527 1194 561 succursu
1226 517 1588 571 imperatoris.

857 667 983 712 Tunc
1007 663 1206 727 presulis
1231 664 1566 728 conquestibus

790 741 1048 805 imperator
1073 740 1300 790 excitatus

789 834 1061 866 succursum
1087 817 1215 866 misit
1240 817 1457 882 protinus

790 894 849 943 de
874 895 1105 943 sexcentis
1130 894 1372 943 militibus.

854 973 1019 1020 Comes
1043 972 1117 1020 ille
1143 971 1428 1021 Lovanensis

785 1048 918 1113 prius
943 1049 1170 1098 ducentos
1195 1049 1343 1097 tenuit

786 1131 833 1174 et
857 1125 1070 1190 pontifex
1095 1126 1332 1191 Legiensis

785 1209 895 1268 post
918 1203 993 1251 hic
1017 1208 1253 1252 trecentos
1277 1202 1456 1252 habuit.

848 1283 955 1329 Mox
980 1280 1173 1328 mandat
1197 1297 1279 1328 rex
1307 1297 1358 1329 se
1384 1279 1542 1328 venire

784 1364 924 1422 atque
949 1358 1055 1406 urbi
1081 1374 1372 1416 succurrere,

783 1434 929 1482 immo
954 1434 1212 1483 Robertum
1236 1434 1478 1483 Flandriae

782 1511 977 1559 viriliter
1002 1511 1246 1575 repellere.

845 1587 936 1636 Sed
962 1604 1185 1636 succursu
1210 1587 1298 1635 hoc
1322 1603 1539 1653 regresso

781 1664 1116 1729 expectabatur
1140 1664 1294 1713 denuo

780 1741 839 1790 ab
864 1741 954 1789 isto
980 1757 1130 1805 parvo
1156 1741 1333 1805 populo

778 1817 978 1866 civitatis
1003 1816 1222 1881 perditio.

842 1894 964 1943 Urbs
989 1893 1114 1941 enim
1140 1898 1211 1941 est
1236 1892 1536 1957 pauperrima

777 1970 836 2018 de
861 1969 1015 2034 plebe,
1046 1968 1104 2016 de
1130 1968 1309 2027 militia,

778 2051 824 2095 et
849 2046 1028 2094 eisdem
1054 2062 1147 2093 non
1174 2045 1336 2093 aderat

775 2122 1054 2171 alterutrum
1079 2122 1258 2170 fidutia.

839 2202 953 2246 Nam
980 2198 1171 2262 quidam
1198 2197 1356 2246 dicunt
1382 2197 1583 2244 invicem
1614 2213 1625 2243 :

777 2276 873 2325 Cur
892 2277 1096 2339 patimur
1124 2275 1303 2338 longam
1327 2274 1546 2322 mortem?

772 2353 1056 2416 Recipiamus
1081 2352 1281 2399 comitem

774 2436 817 2478 et
842 2428 1084 2476 habeamus
1109 2428 1326 2491 requiem.

837 2509 934 2553 Hoc
960 2505 1085 2553 cives
1110 2503 1225 2551 moti
1251 2502 1396 2551 dubio

772 2582 1043 2647 quesierunt
1068 2581 1292 2645 episcopo

770 2659 993 2709 Galchero
1020 2674 1104 2706 suo
1131 2657 1322 2706 domino

694 2738 698 2741 ’
770 2741 822 2784 ut
845 2752 934 2800 pro
960 2734 1170 2800 ejusdem
1197 2731 1446 2781 commodo

834 2829 997 2861 omnes
1022 2811 1125 2860 illos
1153 2809 1464 2858 communiter
