2092 3490
478 370 541 404 206

480 457 576 508 224

479 763 575 815 225

476 1073 571 1123 226

476 1379 571 1430 227

475 1688 571 1737 228

474 1993 568 2045 229

472 2301 567 2350 230

469 2612 554 2662 231

1110 367 1246 401 GESTA

837 455 1075 507 versatilis
1100 462 1173 505 est
1196 457 1399 514 fortuna,

773 531 820 580 in
846 548 940 595 qua
963 531 1082 580 fides
1107 548 1202 580 non
1227 539 1300 582 est
1323 533 1460 582 firma
1491 551 1501 580 z

771 625 880 657 nam
903 607 1043 657 hodie
1068 609 1108 657 si
1133 609 1193 658 sit
1216 609 1357 668 bona,

771 702 875 734 cras
898 686 1056 735 veniet
1079 686 1364 751 importuna.

836 762 970 828 Quod
994 779 1163 813 verum
1187 780 1291 813 esse
1314 763 1509 828 predico

767 855 855 904 per
879 839 956 888 illa
981 857 1101 905 quae
1126 841 1350 906 episcopo

769 933 882 965 mox
907 918 1129 967 accidisse
1154 919 1294 968 video

768 993 857 1042 sub
883 994 1016 1044 brevi
1042 985 1234 1060 quidem
1257 995 1477 1044 termino.

832 1074 948 1119 Nam
972 1071 1032 1120 de
1056 1078 1213 1121 castro
1238 1072 1327 1122 sibi
1351 1072 1462 1122 dato

767 1152 907 1212 atque
931 1165 1083 1213 nuper
1107 1149 1341 1214 adquisito

767 1225 880 1274 dum
904 1231 1039 1290 putat
1063 1243 1166 1275 esse
1191 1227 1358 1276 fortior

767 1307 814 1350 et
837 1302 886 1350 in
910 1320 1024 1367 pace
1050 1303 1276 1363 securior,

832 1386 994 1429 monet
1019 1383 1196 1446 Symon
1221 1382 1511 1447 episcopum,

766 1457 1027 1506 Gerardum
1052 1458 1202 1507 sciens
1226 1464 1483 1517 mortuum,

764 1538 818 1582 ut
843 1534 992 1583 donec
1017 1535 1158 1584 habet
1181 1536 1358 1585 licitum

766 1610 909 1659 donet
935 1611 977 1660 ei
1001 1613 1377 1662 Sanctobertum.

833 1689 984 1747 Quod,
1015 1689 1135 1738 sicut
1159 1696 1231 1739 est
1255 1690 1432 1740 dictum
1457 1706 1616 1755 supra,

767 1764 858 1813 sibi
881 1765 994 1814 dare
1020 1767 1265 1833 pepigerat

767 1842 875 1891 data
895 1842 1004 1891 inde
1029 1844 1192 1892 fidutia

764 1935 853 1983 per
877 1919 1001 1967 bona
1026 1920 1310 1969 testimonia.

832 1996 1078 2062 Pepigerat
1103 1999 1277 2062 Symon
1303 2013 1491 2062 quoque

762 2071 986 2136 episcopo
1011 2073 1114 2137 pari
1139 2073 1233 2122 fide

764 2149 873 2197 hinc
899 2149 1089 2198 obsides
1115 2150 1265 2200 bonos
1291 2151 1404 2199 dare

763 2231 810 2273 et
834 2242 923 2290 per
949 2243 1080 2275 sacra
1107 2228 1385 2276 confirmare

829 2302 939 2366 quia
965 2303 1043 2350 illo
1069 2302 1128 2351 de
1154 2303 1342 2352 castello

764 2378 944 2427 nullum
968 2379 1227 2444 dampnum
1252 2379 1500 2444 aliquando

764 2457 974 2505 eveniret
999 2457 1222 2522 episcopo

762 2550 916 2597 neque
940 2535 1199 2583 successori
1226 2551 1312 2583 suo

827 2628 912 2660 nec
937 2611 1116 2661 civibus
1142 2613 1376 2662 Cameraci

761 2704 854 2736 nec-
870 2689 1047 2752 patriae
1072 2689 1408 2749 circumstanti,

761 2765 846 2814 sed
869 2766 1105 2814 communi
1130 2783 1244 2831 pace
1267 2766 1357 2815 tuti

760 2842 915 2891 forent
939 2842 1064 2891 cives
1089 2848 1135 2891 et
1159 2843 1339 2892 rustici.
