2092 3490
469 338 508 371 76
1103 337 1236 370 GESTA

471 425 564 475 440
824 427 961 476 ,Iubet
984 415 1504 490 tandem'presbiteroffl

759 503 939 559 levitas,
970 502 1282 551 subdiaconos

759 580 840 643 qui
865 580 1107 628 decertant
1132 579 1220 628 sub
1246 579 1488 638 Galchero‚

758 673 942 705 cessar-e
968 656 1027 704 ab
1052 656 1224 704 officio,

470 731 554 780 444
824 732 1125 796 Archipresul
1148 732 1311 780 Remis
1336 733 1458 781 redit

759 815 806 858 et
829 809 904 858 hic
927 815 1171 857 remanent
1196 809 1351 858 clerici

759 903 849 950 pro
873 886 1044 950 quibus
1068 886 1241 935 habent
1265 887 1368 935 laici

759 963 996 1012 infamiam
1020 962 1231 1029 perjurii.

499 1126 581 1169 De
608 1125 818 1169 malitia
844 1126 1042 1169 civium
1071 1126 1126 1168 in
1153 1125 1481 1170 Galcherum
1506 1125 1839 1180 perpetrata.

471 1269 565 1320 442
826 1273 925 1319 Stat
950 1271 1202 1320 Galcherus
1226 1271 1402 1320 interea

759 1348 806 1395 in
832 1347 1010 1411 oppido
1035 1348 1164 1412 quod
1189 1349 1362 1397 fecerat

761 1424 834 1472 cui
859 1428 1048 1473 Estrum
1072 1425 1321 1489 antiquitas

761 1501 1040 1549 vocabulum
1065 1506 1306 1565 posuerat.

472 1577 566 1626 443
827 1578 930 1626 Fuit
955 1595 1042 1642 per
1065 1583 1255 1643 tempus
1280 1578 1537 1642 plurimum

763 1655 828 1704 ibi
854 1671 991 1703 suum
1015 1655 1250 1721 refugium

763 1732 861 1790 ubi,
891 1732 1006 1780 dum
1029 1732 1153 1790 licet,
1183 1732 1366 1798 regium

764 1810 968 1873 suscepit
991 1809 1290 1858 beneficium.

474 1886 569 1934 444
827 1886 951 1937 Vixit
976 1886 1040 1934 ibi
1066 1886 1181 1935 dum
1205 1886 1332 1935 licuit

764 1980 850 2012 nec
870 1964 992 2029 juvit
1016 1980 1103 2012 nos
1128 1980 1214 2012 nec
1240 1964 1398 2012 nocuit
1428 1982 1436 2011 :

764 2041 838 2089 cui
862 2047 1032 2105 parent
1055 2046 1109 2088 ut
1132 2040 1308 2105 presuli

764 2123 860 2166 tam
886 2118 1056 2166 milites
1082 2134 1226 2182 quam
1250 2118 1429 2166 rustici.

476 2193 570 2241 445
830 2194 1121 2258 Aspicientes
1146 2194 1318 2242 iterum

767 2276 982 2319 catervae
1006 2271 1265 2319 infidelium

768 2346 896 2410 quod
921 2346 980 2394 ad
1006 2346 1105 2412 ejus
1130 2347 1381 2410 imperium

768 2423 994 2488 pergebat
1019 2422 1138 2471 ordo
1163 2422 1363 2470 militum

479 2500 573 2548 446
833 2506 880 2547 et
905 2499 1032 2563 quod
1057 2499 1099 2547 ei
1123 2516 1211 2563 per
1236 2499 1389 2547 omnia

768 2577 1068 2641 impendebat
1093 2576 1282 2624 servitia

770 2653 1003 2718 pontificis
1027 2653 1198 2701 familia

770 2735 909 2795 atque
935 2730 1086 2778 omnis
1112 2729 1330 2786 ruricola,

483 2807 576 2855 447
840 2807 1161 2873 cogitaverunt
1186 2806 1340 2855 denuo
