2092 3490
519 341 558 374 54

521 507 611 552 340

519 811 601 857 344

518 1117 611 1165 342

518 1426 610 1470 343

517 1730 609 1778 344

515 2039 607 2084 345

515 2422 606 2468 346

514 2730 606 2775 347

1149 336 1287 370 GESTA

809 441 859 473 se
884 424 1126 488 reliquisse
1151 422 1417 472 condolent.

873 503 988 550 Cum
1013 499 1177 549 vident
1200 500 1316 550 istos
1341 517 1554 551 crescere

806 584 854 627 et
879 577 1092 630 redditus
1115 578 1381 637 aecclesiae,

806 660 853 702 et
876 654 979 702 illos
1004 671 1087 703 sua
1111 653 1312 719 perdere

807 731 1001 796 aliisque
1026 730 1297 790 succedere,

871 808 1207 856 contristantur
1232 814 1279 856 et
1303 807 1514 872 penitent

807 886 935 950 quod
960 901 1187 949 umquam
1210 891 1410 949 propter
1434 887 1693 935 Manassem

807 962 1049 1010 ecclesiam
1073 961 1349 1009 dimiserant

806 1045 853 1087 et
876 1039 1079 1087 honores
1103 1038 1423 1102 perdiderant.

871 1116 992 1175 Quid
1016 1115 1080 1164 illi
1104 1115 1296 1164 tandem
1320 1115 1521 1163 faciunt?

806 1192 865 1240 ad
891 1191 1169 1240 Galcherum
1192 1191 1467 1255 episcopum

807 1269 904 1318 fere
929 1285 1094 1318 omnes
1115 1269 1212 1334 jam
1236 1269 1453 1326 redeunt,

806 1346 906 1411 ejus
931 1361 1143 1394 amorem
1166 1350 1401 1410 repetunt.

873 1426 1082 1481 Querunt
1105 1421 1493 1480 misericordiam,

806 1503 943 1547 orant
969 1503 1020 1547 ut
1046 1498 1114 1548 eis
1137 1499 1383 1563 propriam

805 1575 960 1624 redire
985 1575 1045 1623 ad
1071 1575 1314 1624 ecclesiam

805 1653 962 1701 laudet
987 1669 1074 1717 per
1099 1668 1234 1701 suam
1257 1652 1473 1717 gratiam.

869 1729 1047 1778 Laudat
1071 1728 1232 1794 presul
1256 1734 1308 1777 ut
1332 1728 1527 1777 redeant

804 1806 1102 1870 ecclesiisque
1128 1805 1337 1854 serviant

804 1889 944 1948 atque
970 1900 1055 1932 sua
1078 1883 1334 1931 rehabeant

804 1960 924 2008 sicut
947 1960 1081 2023 prius
1105 1964 1367 2007 tenuerant.

868 2036 941 2085 Sic
967 2036 1026 2084 ad
1051 2036 1182 2085 illum
1206 2035 1409 2101 regressi
1435 2040 1544 2084 sunt

803 2114 1170 2163 condonatorem
1195 2113 1425 2162 scelerum

804 2190 884 2254 qui
909 2190 1108 2239 fatentes
1131 2189 1391 2254 perjurium

805 2267 894 2315 sibi
919 2267 1127 2332 rejurant
1151 2267 1323 2315 iterum

802 2344 946 2392 fidem
970 2349 1018 2392 et
1042 2343 1343 2409 adjutorium.

866 2420 1130 2486 Diliguntur
1153 2438 1180 2468 a
1205 2420 1392 2484 presule

804 2496 1063 2561 scripturae
1089 2497 1408 2545 cohortamine

803 2591 895 2637 que
921 2574 1058 2622 docet
1083 2590 1248 2622 omnes
1274 2579 1514 2637 tamquam
1540 2590 1590 2621 se

802 2651 1014 2699 inimicos
1039 2651 1250 2715 diligere.

867 2727 1092 2776 Simulant
1115 2733 1273 2776 autem
1298 2727 1451 2775 clerici

801 2821 1012 2853 amorem
1037 2804 1161 2852 ferre
1186 2803 1378 2868 presuli,
