2092 3490
523 367 562 400 84
1156 361 1287 395 GESTA

811 450 1099 514 promittit‘et
1124 449 1335 512 testificat

812 535 863 574 ut
887 527 1064 575 veniam
1091 525 1286 588 obtineat

813 604 1018 666 quisquis
1041 603 1218 650 veniam
1237 601 1458 666 postulat.

523 682 616 729 485
877 678 930 726 Si
953 695 1033 727 nos
1059 680 1181 742 cogis
1205 685 1257 726 ut
1281 678 1421 726 alium

813 758 1032 821 eliqamus
1057 758 1326 822 episcopum,

792 835 968 898 aufers
991 834 1118 882 nobis
1143 833 1406 898 hospicium,

809 927 971 960 novum
994 911 1151 959 reddis
1176 910 1383 973 omilium.

521 990 615 1037 486
875 987 1175 1052 Archipresul
1197 986 1357 1044 idiota,

812 1065 884 1114 cui
911 1082 1003 1113 non
1029 1069 1158 1129 patet
1181 1064 1351 1122 littera,

812 1142 1035 1192 Galchero
1061 1142 1216 1190 ferens
1242 1141 1349 1189 odia

813 1225 971 1268 nostra
996 1218 1176 1284 sprevit
1200 1217 1512 1282 precamina¹‚

523 1297 614 1344 487
877 1296 1087 1359 dixitque
1116 1313 1126 1343 :
1156 1295 1364 1353 Fratres,
1393 1294 1567 1358 qaudeo

811 1374 927 1437 quod
952 1373 1139 1421 insimul
1162 1388 1240 1421 vos
1266 1372 1403 1420 habeo
1428 1387 1445 1419 .·

812 1456 1083 1514 quapropter
1109 1450 1164 1497 de
1188 1451 1390 1513 episcopo

810 1526 1016 1588 faciendo
1041 1542 1118 1575 vos
1143 1541 1315 1573 moneo.

522 1603 615 1650 488
877 1602 1017 1650 Roma
1037 1603 1161 1650 venit
1186 1600 1377 1665 epistola

812 1694 926 1742 quae
951 1679 1145 1742 imperat
1169 1694 1225 1726 ne
1249 1679 1311 1725 sit
1334 1677 1461 1725 ultra

815 1756 870 1803 de
889 1761 1074 1818 pastore
1101 1754 1293 1802 ecclesia

814 1832 1158 1881 Cameracensis
1182 1831 1371 1879 vacua2.

522 1908 615 1957 489
876 1911 966 1956 Pro
991 1907 1063 1956 his
1087 1906 1473 1971 oppressionibus

571 2080 603 2114 1.
632 2077 664 2115 Il
683 2077 801 2115 fallait
818 2078 1002 2125 l'aveugle
1021 2077 1212 2125 partialite
1232 2077 1278 2113 de
1298 2081 1406 2114 notre
1420 2081 1555 2114 auteur
1569 2086 1663 2124 pour
1676 2085 1726 2112 ne
1741 2086 1809 2123 pas
1822 2085 1923 2113 com-

522 2136 682 2184 prendre
701 2135 794 2184 qu’il
813 2136 906 2174 etait
924 2136 1165 2173 absolument
1184 2134 1406 2183 impossible
1426 2135 1473 2172 de
1493 2145 1630 2182 songer
1648 2134 1669 2171 ὲ
1688 2133 1841 2171 retahlir
1859 2145 1924 2171 sur

524 2205 592 2232 son
621 2194 723 2242 siege
749 2206 804 2231 un
831 2197 973 2242 eveque
999 2194 1063 2242 qui
1090 2194 1191 2231 avait
1219 2194 1397 2231 continue
1425 2194 1447 2230 ὲ
1474 2204 1626 2231 exercer
1652 2192 1708 2230 les
1737 2192 1924 2230 fonctions

523 2253 757 2302 pontificales
777 2264 825 2290 au
851 2253 993 2300 mepris
1018 2252 1065 2290 de
1089 2252 1125 2289 la
1150 2257 1329 2290 sentence
1352 2252 1442 2288 d⁷un
1468 2252 1612 2289 concile
1637 2249 1785 2299 preside
1803 2261 1871 2299 par
1889 2250 1924 2288 le

523 2323 632 2361 pape,
653 2314 702 2350 οὺ
719 2312 747 2349 il
765 2312 867 2349 avait
885 2312 943 2349 ete
963 2311 1102 2359 depose
1121 2316 1159 2348 et
1178 2311 1459 2348 excommunie.
1481 2331 1528 2338 —
1546 2310 1580 2347 11
1598 2315 1656 2348 est
1673 2310 1755 2348 vrai
1774 2321 1848 2358 que
1867 2309 1922 2348 les

524 2371 732 2409 chanoines
752 2371 799 2408 de
819 2370 993 2407 Gambrai
1018 2370 1171 2407 avaient
1194 2381 1248 2406 un
1275 2374 1381 2406 autre
1408 2369 1537 2417 motif,
1566 2369 1631 2417 qui
1655 2369 1754 2406 n'est
1777 2379 1844 2418 pas
1868 2368 1924 2406 dit

523 2430 586 2477 ici,
608 2430 654 2467 de
674 2429 878 2467 demander
897 2429 1073 2466 Gaucher
1093 2440 1188 2476 pour
1206 2430 1350 2476 eveque
1371 2429 1419 2476 (v.
1441 2429 1532 2466 Gest.
1556 2429 1699 2472 odonis,
1723 2439 1755 2466 c.
1779 2429 1825 2474 1).

569 2490 605 2527 2.
634 2489 739 2526 Cette
765 2488 874 2526 lettre
900 2493 957 2525 est
982 2488 1084 2525 aussi
1115 2487 1362 2526 mentionnee
1386 2498 1453 2535 par
1476 2487 1646 2528 Hermen
1672 2487 1718 2525 de
1741 2486 1920 2525 Tournai.

525 2550 668 2585 Urbano
683 2559 800 2595 papae
818 2550 1005 2591 morienti,
1030 2547 1149 2594 dit-il,
1170 2548 1357 2584 Paschalis
1371 2548 1558 2584 succedens
1570 2551 1604 2583 et
1616 2547 1860 2585 Gualcherum
1878 2548 1921 2583 in

462 2610 468 2614 ”
522 2608 672 2643 diutina
694 2608 934 2643 obstinatione
954 2609 1197 2653 pertinaciter
1217 2616 1448 2652 perseverare
1472 2607 1612 2649 dolens,
1641 2602 1763 2642 'missis
1787 2607 1920 2642 litteris

522 2667 711 2702 Manassae
730 2668 895 2703 Remensi
912 2666 1178 2711 archiepiscopo
1198 2667 1396 2711 apostolica
1421 2667 1639 2702 auctoritate
1659 2666 1840 2711 praecipit
1862 2668 1916 2707 ut,

522 2727 745 2771 conyreqatis
765 2726 1129 2771 comprovincialibus
1157 2727 1345 2771 episcopis,
1376 2725 1627 2762 Cameracensi
1645 2726 1809 2761 ecclesiae
1826 2725 1922 2770 epis·-
1979 2720 1981 2723 ’

523 2793 651 2828 copum
676 2785 808 2820 omissa
832 2784 1009 2820 dilatione
1033 2784 1144 2829 eliqat
1169 2783 1275 2828 (Rest.
1302 2783 1381 2819 abb.
1410 2783 1448 2820 S.
1477 2783 1645 2827 Martini,
1674 2793 1713 2819 n.
1742 2781 1788 2819 82
1806 2785 1919 2828 extu,

524 2852 559 2889 p.
579 2841 675 2887 914).
