2092 3490
516 470 576 518 43

510 776 572 824 44

506 1085 568 1133 45

502 1391 563 1439 46

497 1698 558 1747 47

492 2006 554 2054 48

487 2312 548 2360 49

483 2625 542 2669 50

1116 304 1249 337 ῦΕὸΤΑ

775 392 833 441 ad
856 409 1017 458 regem
1041 393 1111 440 ire
1134 393 1367 457 protinus.

838 472 956 517 Dant
981 469 1107 517 cives
1132 469 1193 517 illi
1218 473 1426 519 Manasse

772 547 832 594 de
856 546 1076 594 thesauro
1100 546 1348 595 aecclesiae

770 622 894 671 unde
919 622 1070 670 valeat
1095 622 1339 687 splendide

769 699 827 747 ad
853 705 1035 748 curtem
1058 699 1184 765 regis
1208 700 1385 749 vivere.

833 779 957 824 Duo1
984 777 1160 825 donant
1183 777 1461 826 candelabra

768 853 827 902 de
852 860 1048 920 argento
1072 854 1321 919 purissima

767 949 885 996 quae
911 931 970 979 de
995 931 1197 980 marchis
1222 931 1328 997 plus
1353 932 1543 998 triginta

767 1013 876 1057 sunt
896 1008 1091 1057 honeste
1116 1009 1392 1073 composita.

830 1088 951 1134 Dant
974 1090 1021 1133 et
1047 1085 1236 1135 calicem
1260 1103 1455 1135 aureum

764 1162 823 1210 de
849 1168 1029 1226 septem
1053 1163 1256 1211 marchis
1281 1164 1519 1213 conditum

762 1245 921 1303 preter
944 1244 1181 1287 texturam
1202 1240 1412 1304 lapidum

762 1321 808 1363 et
832 1316 1114 1365 electrorum
1138 1317 1366 1381 precium.

825 1393 1049 1443 Miserunt
1073 1411 1187 1460 ergo
1211 1398 1470 1444 Manassem

762 1469 821 1518 ad
845 1470 998 1534 ipsam
1022 1471 1147 1536 regis
1170 1472 1347 1520 curiam

761 1546 1008 1611 spoliando
1032 1548 1274 1598 ecclesiam

757 1640 844 1688 per
868 1641 1000 1672 suam
1024 1624 1362 1675 fortitudinem.

822 1701 914 1749 Sed
939 1701 1068 1765 quod
1093 1702 1261 1751 accidit
1283 1708 1447 1768 postea

752 1778 959 1841 previdit
980 1779 1059 1828 Dei
1084 1779 1233 1844 gratia
1257 1797 1267 1828 :

755 1871 862 1902 nam
885 1871 1131 1921 regressus
1157 1856 1216 1905 de
1241 1857 1370 1906 curia

752 1938 878 1980 caret
902 1933 1028 1981 dono
1052 1933 1338 1999 francigena.

816 2009 973 2057 Noluit
996 2010 1154 2058 forsan
1178 2011 1411 2060 Dominus

751 2089 801 2133 ut
826 2092 949 2134 esset
975 2087 1049 2135 hie
1072 2088 1323 2152 episcopus

749 2179 890 2226 quem
913 2164 1137 2213 statuerat
1163 2165 1365 2229 populus

747 2238 810 2286 ita
834 2239 1255 2305 inversislegibus.

791 2316 939 2364 ·.·'Punc
963 2317 1115 2365 clerici
1141 2324 1189 2366 et
1212 2318 1331 2376 laici,

743 2392 950 2442 infelices
975 2395 1223 2451 etnmiseri,

742 2469 861 2517 fiunt
884 2475 937 2518 ut
959 2487 1097 2518 canes
1121 2471 1270 2519 rabidi

742 2546 991 2595 discordes·
1005 2553 1052 2595 et
1076 2548 1296 2596 contrarii
1305 2587 1315 2597 .

804 2625 932 2676 Tunc
954 2624 1070 2672 alter
1095 2642 1238 2689 super
1262 2626 1461 2675 alterum

498 2788 527 2823 1.
556 2789 645 2824 Duo.
672 2788 723 2825 La
742 2789 906 2826 Version
927 2789 1111 2838 franeaise
1132 2789 1189 2827 dit
1208 2795 1293 2838 sept.
