2092 3490
790 354 1019 389 GALcnum.

492 450 634 509 atque
657 443 877 494 fidelibus
902 445 1000 495 suis

494 527 592 570 tam
615 522 711 571 fide
736 539 881 587 quam
906 523 1212 573 sacramentis
1242 541 1252 571 :

200 601 297 652 272
559 605 607 648 et
631 600 857 665 quicquid
882 601 1203 651 consuluerint

493 677 596 743 ipse
620 678 819 728 libenter
842 679 1025 739 fecerit,

491 755 533 804 si
558 755 601 804 ei
626 755 892 806 obedierint

451 870 454 884 .
492 839 539 882 et
564 840 754 884 cantare
780 834 1178 900 presumpserint.

347 995 430 1040 De
454 995 589 1052 iuga.
613 997 942 1041 elericorum
968 998 1463 1043 Cameracensmm.

201 1143 298 1194 273
561 1142 695 1203 Quod
720 1143 1022 1210 indignantes
1046 1141 1211 1195 audire

496 1226 544 1270 et
567 1227 847 1287 respuentes
872 1223 1045 1283 facere,

496 1299 599 1365 fero
624 1299 880 1349 frementes
904 1301 1064 1351 furore

494 1382 543 1426 et
566 1377 748 1427 infinita
772 1379 903 1428 rabie

199 1453 298 1506 274
560 1463 868 1522 sumpserunt
892 1458 941 1506 in
966 1457 1191 1507 aeeclesia

495 1540 768 1585 sanctorum
793 1541 955 1585 sancta
979 1553 1181 1603 corpora
1194 1576 1206 1596 ‚

495 1613 709 1662 volentes
733 1614 1000 1664 sanctuaria

497 1690 557 1740 de
582 1691 670 1740 hac
693 1692 877 1741 auferre
902 1692 1073 1758 patria.

203 1767 301 1818 275
564 1769 693 1819 Sicut
716 1770 876 1820 audivi
901 1770 1060 1819 dicere

498 1850 546 1894 et
569 1852 622 1895 ut
645 1847 846 1913 probavi
872 1847 1094 1912 denique,

497 1923 671 1973 sanctis
697 1925 902 1991 arreptis
926 1931 1107 1975 temere

496 2006 546 2050 et
567 2001 669 2051 sine
696 2002 949 2053 devotione

202 2075 300 2127 276
560 2081 798 2146 percussit
820 2086 945 2132 Deus
970 2082 1078 2132 ideo

497 2162 677 2207 terram
701 2159 869 2226 grandi
896 2160 1142 2219 miraculo,

497 2237 774 2301 expandens
800 2238 993 2303 ymbres
1021 2238 1180 2288 subito

501 2329 609 2362 cum
634 2316 835 2380 strepitu
861 2316 1078 2365 mirifico.

206 2389 304 2440 277
567 2393 770 2442 Currunt
795 2400 907 2459 post
933 2412 1015 2444 eos
1040 2394 1200 2445 famuli

501 2474 549 2518 et
572 2470 743 2520 milites
768 2472 980 2539 episcopi
1011 2491 1021 2522 :

498 2546 685 2607 timent,
715 2549 901 2616 fugiunt
927 2551 1102 2610 clerici,

499 2631 688 2675 sanctos
711 2634 961 2678 resumunt
986 2629 1107 2678 laici.

205 2701 300 2752 278
567 2704 641 2753 Sic
666 2704 880 2756 homines
905 2707 1143 2772 pontificis

503 2782 765 2832 retulerunt
789 2785 1027 2835 aecclesiis

504 2865 708 2918 sanctos,
738 2862 976 2926 percussis
1000 2862 1216 2927 plurimis
