2092 3490
871 335 1059 369 NICOLAI.
1612 340 1671 374 211

256 427 343 478 26⁴
615 426 827 493 Querunt
849 424 1123 473 firmitatem
1144 425 1274 489 pacis

549 518 640 567 pro
663 507 898 566 potestate
923 502 1140 567 Symonis

549 584 598 629 et
621 596 712 644 pro
737 580 916 629 cunctis
941 579 1142 629 inimicis

549 657 679 707 salvo
705 657 885 706 honore
909 657 1131 722 presulis.

255 736 353 787 262
614 738 715 784 Non
742 735 868 784 enim
892 735 1058 785 volunt
1081 734 1230 784 minui

548 812 778 862 honorem
804 812 876 862 sui
901 812 1082 862 domini

549 890 634 939 sed
658 896 712 939 ut
733 890 781 938 in
806 906 923 955 pace
949 890 1106 940 stabili

548 967 609 1017 ab
631 967 840 1032 undique
864 967 958 1017 sint
981 967 1143 1032 positi.

252 1047 349 1098 263
611 1049 778 1096 Jurant
802 1061 969 1094 omnes
993 1044 1324 1103 communiter,

546 1122 648 1188 ipse
674 1121 987 1172 Montensium
1011 1138 1172 1171 comes

547 1206 597 1249 et
621 1199 765 1249 casati
789 1205 838 1249 et
862 1200 1036 1250 milites

548 1283 690 1343 atque
715 1278 952 1328 Gameraci
976 1278 1121 1338 civeS‚

254 1354 352 1407 264
614 1355 744 1420 quod
769 1372 937 1405 eorum
962 1356 1111 1405 hostis
1134 1355 1225 1404 erit

548 1433 630 1499 qui
654 1433 896 1482 castellum
922 1433 1216 1484 Sanctoberti

548 1511 744 1560 introire
770 1511 1117 1577 presumpserit

548 1590 638 1640 nisi
660 1590 750 1657 ipsi
777 1590 1097 1640 concesserint
1127 1608 1137 1638 z

252 1670 349 1720 265
612 1674 661 1718 et
685 1668 795 1718 inde
820 1685 871 1718 se
897 1669 1178 1718 alterutrum

546 1745 744 1796 viriliter
769 1745 1062 1812 adjuvabunt

547 1828 595 1872 et
618 1823 798 1872 tamdiu
823 1823 1185 1873 Sanctobertum

549 1901 794 1950 unanimes
819 1900 1107 1950 obsidebunt

253 1981 350 2031 266
613 1978 765 2027 donec
787 1978 909 2027 fame
935 1978 1215 2046 defecerintx

547 2056 629 2121 qui
651 2062 860 2105 castrum
884 2055 1194 2105 custodierint

546 2139 627 2183 aut
651 2151 701 2183 se
726 2134 838 2183 victi
862 2133 1160 2183 reddiderint

546 2228 668 2276 quos
691 2228 984 2278 repugnasse
1010 2210 1249 2260 noverint.

483 2347 487 2350 -
551 2384 633 2427 De
665 2383 948 2428 obsidione
983 2383 1372 2428 Sanctobertv.

254 2535 350 2586 267
612 2540 738 2603 Ergo
763 2513 924 2603 presul
951 2543 1206 2604 propterea

547 2629 718 2679 magna
743 2631 938 2679 pressus
962 2615 1177 2681 angustia

303 2791 336 2828 1.
359 2791 433 2830 Les
453 2791 703 2830 evenements
722 2793 789 2840 qui
809 2793 966 2831 suivent
984 2793 1064 2841 (str.
1085 2793 1244 2831 267-str.
1268 2792 1349 2838 446)
1372 2796 1459 2830 sont
1477 2791 1672 2841 rapportes

254 2860 323 2899 par
340 2850 523 2889 Lambert
540 2851 588 2888 de
606 2850 804 2890 Watrelos
824 2851 846 2889 ὲ
865 2851 1015 2890 l'annee
1036 2852 1126 2889 1138
1149 2852 1197 2900 (p.
1215 2852 1404 2899 514-515);
1427 2851 1524 2889 mais
1545 2851 1570 2888 il
1592 2851 1673 2890 faut
