2092 3490
735 356 995 392 BURGHARDI.
1021 359 1063 391 11.
1551 367 1607 402 145

389 461 440 494 se
465 445 668 495 clamant
692 445 912 512 juvenem
937 449 1059 498 nolle
1085 450 1277 517 eligere,

385 539 495 572 cum
517 541 656 574 suum
680 541 764 574 cor
788 526 942 576 solum
967 529 1144 577 nesciat
1167 545 1335 596 regere

386 601 468 666 qui
489 618 652 652 curam
675 603 936 654 multorum
960 606 1062 655 vult
1085 606 1383 673 intercipere.

221 680 284 730 20
450 681 668 730 Attamen
689 681 876 748 juvenis
901 684 1256 735 archidiaconus

384 756 586 807 fratrum
611 759 834 820 consiliis,
863 768 1115 826 parentum
1139 763 1335 814 vocibus

383 835 514 885 vadit
538 836 599 886 ad
624 854 836 888 cesarem
859 856 1160 906 nequaquam
1187 842 1361 893 electus

383 918 482 961 tam
506 913 607 963 sine
630 914 798 964 litteris
822 933 966 981 quarn
989 917 1088 966 sine
1113 919 1313 969 testibus

220 990 273 1041 21
448 1008 570 1056 quos
591 993 695 1059 regi
720 993 879 1059 dirigit
904 994 1018 1044 cleri
1043 996 1259 1056 societas,

382 1085 602 1120 assensus
626 1071 791 1136 populi
816 1089 970 1136 neque
996 1075 1308 1125 communitas
1339 1094 1349 1124 ε

381 1153 428 1196 et
453 1148 562 1213 quia
587 1165 683 1197 non
708 1150 851 1199 habet
876 1156 1022 1201 testes
1048 1169 1135 1202 nec
1160 1153 1358 1212 litteras,

380 1223 510 1288 quod
535 1226 692 1290 querit
716 1226 920 1294 denegat
945 1229 1071 1295 regis
1097 1231 1343 1297 sagacitas.

383 1382 467 1426 De
498 1384 764 1429 electione
797 1386 1108 1446 Burchardi
1142 1388 1406 1443 episcopi.

216 1530 280 1581 22
444 1533 679 1597 Regresso
705 1532 864 1598 itaque
890 1534 1239 1595 archidiacono,

119 1599 122 1601 Α
185 1616 189 1618 “
378 1606 505 1657 fideli
530 1609 679 1659 utitur
703 1627 836 1660 cesar
862 1612 1072 1672 consilio,

379 1685 557 1753 quippe
583 1688 664 1752 qui
689 1688 737 1737 in
763 1706 848 1739 suo
874 1690 1016 1740 habet
1041 1692 1215 1757 palatio

379 1764 570 1814 clericos
594 1766 733 1815 utiles
758 1767 841 1816 Dei
868 1768 1078 1817 serviti0.

216 1843 279 1894 23
444 1845 572 1892 Inter
596 1843 884 1895 domesticos
908 1864 1031 1896 unus
1056 1848 1284 1913 accipitur

378 1921 678 1971 Burchardus
704 1918 912 1982 nomine,
939 1925 1083 1974 homo
1109 1926 1363 1976 catholicus
1392 1944 1401 1974 z

356 1998 466 2049 'iste
491 2005 602 2065 post
625 2000 857 2060 Odonem,
886 2008 939 2051 ut
964 2003 1113 2052 voluit
1137 2006 1278 2064 Deus,

377 2076 437 2126 ad
462 2077 756 2143 episcopium
781 2079 920 2128 datur
943 2080 1185 2130 idoneus¹.

214 2153 278 2206 24
443 2157 595 2221 Super
618 2155 708 2205 hoc
733 2157 908 2206 etenim
933 2158 998 2207 nil
1023 2148 1314 2225 cogitare-rat

378 2250 466 2283 nec
489 2233 685 2284 honoris
709 2235 847 2302 hujus
874 2237 1059 2285 culmen
1084 2237 1314 2286 ambierat

378 2329 464 2362 nec
488 2313 548 2362 ad
572 2312 662 2362 hoc
686 2313 897 2379 seipsum
920 2315 1046 2364 ultro
1071 2315 1349 2381 ingesserat,

376 2397 670 2457 quapropter
694 2393 860 2457 prefici
884 2393 1024 2460 digne
1049 2400 1290 2444 meruerat

231 2575 265 2612 1.
298 2575 544 2625 L'empereur
573 2577 678 2615 avait
704 2577 860 2617 d’ahord
886 2581 1064 2627 presente
1093 2580 1129 2617 le
1159 2580 1263 2627 siege
1294 2579 1341 2616 de
1371 2578 1548 2616 Cambrai
1581 2579 1603 2615 a

183 2633 224 2672 S.
246 2634 431 2685 Norbert,
462 2636 499 2674 le
527 2636 630 2675 futur
658 2636 860 2676 fondateur
889 2638 936 2676 de
966 2638 1102 2677 l'ordre
1128 2639 1175 2677 de
1196 2638 1442 2685 Prementre,
1472 2638 1538 2686 qui
1567 2637 1601 2674 le

181 2694 323 2733 refusa.
353 2696 408 2734 Le
434 2695 502 2734 fait
525 2701 584 2734 est
609 2698 745 2736 atteste
775 2710 844 2746 par
871 2698 1043 2736 Herman
1068 2699 1115 2736 de
1133 2699 1301 2737 Tournai
1325 2699 1384 2744 (De
1403 2700 1600 2735 miraculis

181 2753 221 2791 S.
243 2755 385 2791 Mariae
405 2756 675 2802 laudunensis,
697 2757 722 2793 l.
745 2756 817 2805 III,
839 2768 872 2795 c.
889 2757 924 2805 8,
939 2759 1035 2795 Mon.
1055 2758 1192 2801 Germ„
1209 2758 1273 2795 SS.
1294 2763 1320 2793 t.
1338 2757 1433 2805 XII,
1449 2768 1485 2805 p.
1503 2756 1599 2803 659).

182 2812 215 2850 11
229 2813 264 2851 le
277 2814 399 2852 tenait
412 2814 459 2852 de
482 2815 653 2864 Hugues,
669 2816 764 2853 abbe
784 2816 831 2854 de
851 2817 1091 2864 Premontre,
1109 2817 1234 2866 lequel
1248 2817 1377 2855 l'avait
1396 2817 1601 2854 lui-meme

183 2873 350 2911 entendu
370 2873 539 2912 affirmer
559 2886 625 2923 par
644 2875 814 2924 l'eveque
835 2876 1032 2915 Burchard
1052 2888 1100 2915 en
1122 2877 1227 2914 1119.
1339 2937 1381 2972 10
