2092 3490
490 367 547 400 190
1121 363 1252 396 GESTA

865 503 947 545 De
978 500 1225 555 nequitia
1253 500 1500 545 Gerardi.

490 642 583 688 4⁴8
843 639 967 684 Haec
991 642 1062 685 est
1086 636 1185 702 ejus
1210 635 1390 687 occasio

778 714 942 762 stantis
965 714 1013 761 in
1038 714 1272 763 desiderio

777 807 870 854 qua
894 806 1048 848 causa,
1078 806 1173 854 quo
1198 789 1384 856 ingenio

774 868 918 915 immo
944 884 1039 932 quo
1064 867 1215 932 possit
1239 867 1408 915 merito

772 945 1014 998 contraire,
1031 945 1272 1010 episcopo,

485 1026 576 1072 449
838 1022 924 1081 Qui
947 1023 1123 1087 presuli
1148 1022 1419 1071 continuum

773 1099 821 1147 in
846 1099 988 1147 corde
1014 1100 1168 1148 ferens
1194 1099 1372 1157 odium,

775 1176 952 1224 habens
977 1177 1024 1224 in
1049 1193 1099 1225 se
1124 1176 1412 1234 demonium,

773 1269 867 1301 non
893 1253 1014 1301 ultra
1039 1253 1156 1301 celat
1181 1252 1388 1301 animum
1419 1271 1427 1299 :

486 1334 576 1382 420
839 1330 922 1379 sed
948 1331 1099 1395 aperit.
1124 1331 1379 1395 nequitiam

772 1409 818 1456 in
843 1408 986 1456 corde
1011 1425 1097 1457 suo
1121 1408 1328 1456 habitam

771 1485 937 1534 fraude
961 1484 1041 1533 diu
1065 1484 1403 1533 absconditam.

772 1563 859 1621 Qui
884 1580 977 1611 non
1003 1562 1221 1612 diffidens
1245 1561 1499 1627 presulem,

483 1639 566 1688 42¹1
838 1639 1086 1689 Castellum
1111 1639 1308 1709 requirit
1331 1642 1515 1687 Novum

771 1733 994 1782 magnum
1019 1716 1194 1765 ducens
1219 1715 1496 1774 exercitum,

770 1793 996 1842 assultum
1021 1793 1139 1841 dans
1163 1793 1487 1851 fortissimum,

770 1871 919 1936 captis
943 1870 1126 1919 minans
1150 1870 1410 1919 interitum.

481 1950 575 1998 422
836 1952 1167 1999 Verumtamen
1194 1947 1462 1996 castricolae

770 2043 820 2074 se
845 2024 1102 2073 defendunt
1126 2026 1369 2081 acerrime,

769 2102 900 2151 illum
924 2102 1004 2150 Dei
1027 2101 1267 2167 juvamine

767 2179 1100 2243 compellentes
1124 2178 1365 2227 recedere.

478 2254 570 2303 ⁴23
831 2259 962 2304 Nunc
986 2255 1133 2319 iniqui
1158 2255 1394 2318 iniquitas,

768 2349 890 2380 nunc
915 2332 1065 2380 dolosi
1092 2332 1316 2380 dolositas

766 2408 968 2473 probata
991 2414 1063 2457 est
1087 2414 1135 2457 et
1159 2407 1346 2474 cognita

764 2501 852 2548 per
875 2484 977 2532 loca
1003 2484 1193 2548 quidem
1220 2483 1439 2548 plurima.

477 2560 570 2609 424
831 2563 962 2608 Nunc
986 2559 1204 2625 perjurus
1230 2558 1466 2607 Gerardus
1491 2563 1580 2617 est,

762 2636 940 2701 perjuri
967 2642 1075 2685 sunt
1099 2642 1147 2685 et
1172 2636 1424 2700 complices

764 2713 907 2763 Gilius
931 2713 1185 2763 Montensis
1208 2713 1390 2762 comes¹

522 2862 553 2897 1.
583 2860 633 2896 Ce
653 2859 787 2908 Gilles,
808 2860 940 2908 appele
960 2860 1010 2898 ici
1030 2860 1075 2897 de
1095 2860 1219 2908 Mons7
1242 2865 1280 2897 et
1299 2860 1382 2908 plus
1402 2860 1469 2897 bas
1494 2861 1571 2907 (str.
1594 2859 1674 2906 218)
1696 2859 1742 2896 de
1761 2859 1875 2907 chin,
