2092 3490
849 355 1076 391 GALGHERI.
1632 362 1671 397 21

549 444 776 510 paulatim
801 446 1152 512 conquiescere,

261 523 354 572 107
619 538 716 571 non
741 528 895 572 cessat
919 528 1078 574 tamen
1104 525 1239 576 solita

549 605 818 650 casatorum
842 602 1065 667 superbia

550 695 640 727 nec
664 694 832 728 eorum
857 680 1048 739 malitia,

235 815 238 819 ¹
551 757 672 805 sicut
696 755 851 805 dicam
875 757 1079 807 inantea.

259 836 352 883 108
616 837 735 883 Nam
759 837 896 901 Hugo
922 841 971 884 et
994 836 1259 886 Amolricus

549 916 599 961 et
622 914 857 961 Manasses
883 918 929 962 et
954 913 1169 963 Ansellus

551 989 777 1038 nominati
804 990 1044 1055 superius¹

550 1068 781 1118 adversus
806 1067 939 1116 illum
962 1069 1157 1136 gravius

258 1147 351 1195 109
617 1152 1021 1196 consurrexerunt
1045 1148 1272 1214 undique,

547 1224 768 1273 timentes
793 1228 949 1273 castra
973 1225 1178 1290 perdere

549 1319 671 1367 quae
697 1307 972 1352 struxerant
995 1302 1154 1353 illicite

550 1379 667 1430 dum
692 1385 828 1429 erant
853 1380 954 1429 sine
980 1382 1190 1446 presule.

255 1459 351 1508 110
616 1457 863 1508 Timebant
887 1458 1002 1508 illud
1028 1459 1171 1508 etiam

549 1535 679 1601 quod
704 1541 871 1585 contra
896 1537 1017 1586 hanc
1042 1537 1285 1588 ecclesiam

548 1619 598 1663 et
621 1614 756 1681 regni
780 1614 1114 1664 rectitudinem

551 1698 707 1742 terras
732 1709 841 1742 suas
865 1699 1146 1758 receperant

257 1772 341 1821 111
616 1770 676 1821 de
702 1771 875 1821 comite
900 1772 1278 1833 Flandrensium,

553 1848 683 1913 quod
707 1848 916 1898 fecerant
939 1850 1224 1899 hominium‘

549 1931 598 1974 et
621 1926 752 1991 quod
776 1926 838 1976 de
862 1926 941 1976 illo
966 1928 1218 1993 proprium

549 2004 752 2070 quisque
776 2004 969 2054 tenebat
993 2005 1210 2071 opidum.

258 2082 351 2132 112
615 2082 688 2131 Ηίἰ
713 2087 917 2147 quatuor
941 2083 1050 2147 plus
1075 2085 1245 2134 ceteris

549 2177 636 2226 per
661 2160 760 2209 vim
784 2161 982 2210 Roberti
1007 2162 1221 2212 comitis²

547 2243 773 2304 premunt
795 2244 975 2288 terram
999 2239 1187 2306 flagitiis

548 2323 595 2366 et
621 2317 843 2367 omnibus
869 2317 1090 2367 miseriis,

256 2396 350 2443 113
614 2395 689 2445 Sic
712 2396 935 2447 Galcerus
960 2396 1278 2447 circumdatus

546 2472 721 2523 horum
746 2475 1157 2539 oppressionibus,

548 2550 634 2600 sed
660 2551 868 2601 maxime
892 2553 1117 2602 sollicitus

301 2700 335 2736 1.
363 2698 496 2748 Comp.
520 2698 606 2748 plus
627 2699 721 2737 haut
743 2704 810 2739 str.
833 2701 955 2739 61-63.

299 2758 335 2796 2.
356 2758 465 2797 Nous
484 2770 534 2797 ne
553 2764 737 2798 trouvons
757 2761 972 2810 cependant
990 2772 1117 2800 aucun
1137 2761 1263 2800 indice
1277 2761 1391 2798 d'une
1411 2760 1673 2799 intervention

253 2817 377 2856 active
407 2817 459 2856 du
484 2823 609 2857 comte
637 2818 684 2857 de
707 2819 874 2859 Flandre
901 2820 997 2859 dans
1028 2826 1128 2860 cette
1160 2821 1256 2859 lutte
1287 2825 1394 2859 entre
1427 2818 1598 2870 l’cveque
1626 2820 1674 2858 de

253 2876 429 2916 Cambrai
448 2882 486 2916 et
505 2889 567 2916 ses
587 2889 763 2917 vassaux.
