2092 3490
508 342 548 375 56
1143 335 1276 369 GESTA

508 429 602 479 324
864 427 923 474 ad
949 433 1073 473 tuum
1096 425 1424 488 maqisterium,

798 510 925 551 tuum
949 517 1142 566 querens
1167 501 1390 565 officium;

796 580 877 628 sed
902 581 944 627 si
969 595 1058 627 non
1083 577 1219 626 habes
1245 578 1462 633 divinum,

796 656 855 704 ad
881 672 961 704 nos
985 671 1075 704 non
1100 670 1212 718 ayas
1236 654 1448 703 reditum.

507 738 598 786 325
860 732 994 791 Quod
1020 748 1128 780 cum
1151 730 1282 780 audit
1307 729 1572 794 episcopus,

795 810 1018 859 exhorret
1041 825 1145 858 esse
1170 807 1370 856 traditus

793 888 1017 951 timetque
1042 886 1162 934 mori
1188 885 1373 950 penitus

794 981 883 1029 pro
908 964 1119 1013 omnium
1142 961 1441 1011 clamoribus.

505 1043 597 1091 326
835 1073 838 1075 Δ
858 1041 1005 1090 Timet
1029 1046 1077 1089 et
1100 1057 1194 1088 non
1219 1038 1470 1095 immerito,

793 1134 902 1166 nam
927 1118 987 1166 de
1012 1118 1089 1165 illo
1115 1115 1411 1165 solummodo

792 1211 888 1242 non
913 1200 985 1242 est
1010 1194 1129 1242 facta
1154 1193 1344 1242 traditio

792 1272 875 1320 sed
901 1271 1146 1336 multiplex
1169 1269 1393 1319 venditio.

503 1351 594 1399 327
854 1348 1232 1412 Probaveratque
1257 1346 1430 1402 omnia,

789 1425 982 1489 probra,
1012 1425 1116 1473 lites
1142 1430 1189 1472 et
1215 1423 1323 1472 odia

789 1507 837 1549 et
861 1503 980 1550 mala
1007 1519 1192 1566 queque
1217 1501 1360 1549 altera

789 1584 948 1642 preter
972 1579 1140 1626 mortis
1166 1578 1388 1643 pericula.

501 1658 591 1706 328
661 1651 675 1661 “
855 1659 953 1704 Hoc
978 1661 1135 1704 autem
1161 1672 1219 1703 ne
1243 1660 1355 1703 tunc
1379 1655 1513 1702 fieret

787 1732 994 1781 inducias
1020 1739 1238 1798 precatus
1263 1738 1335 1780 est

787 1809 1014 1873 querendi
1040 1809 1165 1873 quod
1193 1809 1403 1856 divinum
1428 1812 1516 1865 est,

785 1891 835 1935 ut
860 1887 937 1934 vel
959 1887 1025 1935 sic
1050 1891 1255 1934 mortem
1279 1885 1478 1950 fugeret.

497 1966 588 2013 329
851 1963 1064 2011 Servavit
1089 1966 1211 2012 Deus
1235 1962 1473 2027 presulem

786 2039 865 2103 qui
891 2040 990 2088 vult
1015 2040 1170 2104 perire
1196 2039 1448 2095 neminem,

785 2133 892 2165 cum
912 2116 1044 2182 juxta
1069 2116 1342 2181 petitionem

783 2194 1081 2257 impetrasset
1106 2193 1355 2241 licentiam.

570 2355 651 2397 De
677 2354 1010 2407 profectione
1036 2354 1290 2398 Galcheri
1320 2354 1391 2397 ad
1415 2351 1811 2406 imperatorem.

495 2502 585 2547 330
846 2502 952 2548 Mox
979 2500 1097 2547 infra
1122 2500 1247 2548 diem
1271 2499 1470 2547 tercium

782 2576 900 2641 fugit
924 2576 1083 2640 presul
1109 2577 1168 2625 ad
1194 2576 1438 2625 dominum

782 2659 828 2701 et
853 2653 912 2701 ad
939 2670 1076 2701 suum
1102 2653 1380 2700 advocatum

781 2731 1115 2794 imperatorem
1140 2730 1407 2777 Henricum.

494 2811 575 2855 334
702 2796 706 2804 ’
848 2811 972 2866 Quae
999 2807 1115 2855 facta
1144 2813 1252 2855 sunt
1272 2807 1505 2855 renuntiat
