2092 3490
484 344 541 378 102
1118 342 1255 378 GESTA

768 436 817 481 et
840 432 998 480 electis
1023 422 1257 497 episcopis

767 514 819 558 ut
842 508 1001 574 virgas
1026 508 1170 557 donet
1193 509 1398 559 annuit1.

476 586 570 635 584
829 584 900 635 Ad
925 585 1015 634 hoc
1036 591 1193 634 autem
1218 587 1596 637 conservandum

764 663 938 712 factum
962 668 1034 712 est
1055 663 1355 730 privilegium

763 745 811 789 et
834 740 1054 805 utrinque
1079 741 1409 791 confirmatum

761 833 904 881 super
928 833 1101 882 corpus
1127 818 1432 869 dominicum.

472 897 566 942 585
827 897 927 953 Quo
951 894 1108 943 taliter
1131 897 1394 961 composito

759 970 814 1019 fit
837 971 990 1035 prima
1015 971 1131 1020 haec
1154 972 1320 1037 petitio

760 1047 859 1113 regi
885 1048 944 1096 ab
968 1049 1225 1112 apostolico

758 1129 811 1172 ut
836 1124 961 1173 bono
985 1124 1086 1191 ejus
1111 1126 1266 1175 animo

470 1202 563 1247 586
823 1201 1033 1250 Odonem
1055 1202 1212 1251 virum
1237 1203 1514 1268 simplicem,

758 1295 899 1342 quem
925 1278 1098 1328 fecerat
1121 1281 1408 1344 pontificem,

759 1355 990 1419 reciperet
1014 1357 1063 1405 in
1085 1357 1324 1406 hominem

756 1437 899 1496 atque
922 1433 969 1481 in
995 1450 1128 1482 suam
1153 1435 1369 1500 gratiam.

468 1509 560 1555 587
822 1512 919 1558 Hoc
944 1511 1151 1575 primum
1174 1513 1480 1577 apostolicum

755 1602 842 1635 rex
866 1587 1063 1653 diligens
1087 1588 1367 1654 obsequium

755 1663 835 1712 dat
860 1664 1011 1713 Odoni
1035 1667 1326 1730 presulatum

685 1803 689 1807 st
755 1741 913 1789 statim
936 1747 1047 1806 post
1071 1759 1209 1791 suum
1232 1744 1453 1794 reditum.

463 1816 555 1863 588
817 1817 903 1876 Qui
928 1818 1029 1883 regi
1050 1819 1144 1868 fide
1167 1820 1384 1871 subditus

750 1910 858 1942 cum
882 1895 1046 1960 legatis
1070 1897 1307 1963 regalibus

750 1972 1050 2021 Cameracum
1074 1975 1341 2041 regreditur

749 2052 798 2096 et
821 2047 1043 2098 decenter
1066 2052 1307 2117 recipitur.

459 2124 551 2170 589
812 2126 1087 2176 Tonitruum
1111 2129 1249 2194 hujus
1274 2130 1383 2179 facti

745 2218 832 2265 per
856 2208 1011 2253 totum
1035 2205 1202 2254 orbem
1227 2207 1384 2256 sonuit

747 2278 807 2327 de
829 2296 923 2343 quo
949 2286 1138 2346 stupent
1162 2283 1369 2333 universi

745 2355 1045 2405 ecclesiarum
1070 2358 1168 2407 filii.

455 2431 548 2476 590
809 2432 1034 2482 Mirantur
1058 2435 1147 2483 hoc
1171 2436 1412 2486 audientes

744 2508 947 2575 religiosi
971 2513 1201 2576 presules,

745 2587 1023 2636 sanctissimi
1049 2594 1097 2637 et
1121 2590 1314 2639 abbates

743 2664 988 2728 cunctique
1013 2666 1176 2714 mundi
1202 2668 1410 2717 ordines,

499 2826 530 2861 1.
559 2826 613 2863 Le
635 2827 676 2864 12
697 2828 791 2865 avril
812 2829 899 2866 1111
923 2829 1041 2878 (Ibid.‚
1065 2842 1103 2869 n.
1126 2831 1244 2879 4662).
