<?xml version="1.0" encoding="UTF-8"?>
<!DOCTYPE html PUBLIC "-//W3C//DTD XHTML 1.0 Transitional//EN"
    "http://www.w3.org/TR/xhtml1/DTD/xhtml1-transitional.dtd">
<html xmlns="http://www.w3.org/1999/xhtml" xml:lang="en" lang="en">
 <head>
  <title>
</title>
<meta http-equiv="Content-Type" content="text/html;charset=utf-8" />
  <meta name='ocr-system' content='tesseract 3.04.00' />
  <meta name='ocr-capabilities' content='ocr_page ocr_carea ocr_par ocr_line ocrx_word'/>
</head>
<body>
  <div class='ocr_page' id='page_1' title='image "./gestapontificumc00cambuoft_0250.png"; bbox 0 0 2092 3490; ppageno 0'>
   <div class='ocr_carea' id='block_1_1' title="bbox 485 359 542 393">
    <p class='ocr_par' dir='ltr' id='par_1_1' title="bbox 485 359 542 393">
     <span class='ocr_line' id='line_1_1' title="bbox 485 359 542 393; baseline -0.018 0"><span class='ocrx_word' id='word_1_1' title='bbox 485 359 542 393; x_wconf 86' lang='lat'><strong>198</strong></span> 
     </span>
    </p>
   </div>
   <div class='ocr_carea' id='block_1_2' title="bbox 482 681 573 727">
    <p class='ocr_par' dir='ltr' id='par_1_2' title="bbox 482 681 573 727">
     <span class='ocr_line' id='line_1_2' title="bbox 482 681 573 727; baseline 0 -1"><span class='ocrx_word' id='word_1_2' title='bbox 482 681 573 727; x_wconf 68' lang='lat'><strong>473</strong></span> 
     </span>
    </p>
   </div>
   <div class='ocr_carea' id='block_1_3' title="bbox 480 986 572 1034">
    <p class='ocr_par' dir='ltr' id='par_1_3' title="bbox 480 986 572 1034">
     <span class='ocr_line' id='line_1_3' title="bbox 480 986 572 1034; baseline 0 0"><span class='ocrx_word' id='word_1_3' title='bbox 480 986 572 1034; x_wconf 70' lang='lat'><strong>¹174</strong></span> 
     </span>
    </p>
   </div>
   <div class='ocr_carea' id='block_1_4' title="bbox 477 1294 567 1340">
    <p class='ocr_par' dir='ltr' id='par_1_4' title="bbox 477 1294 567 1340">
     <span class='ocr_line' id='line_1_4' title="bbox 477 1294 567 1340; baseline 0 0"><span class='ocrx_word' id='word_1_4' title='bbox 477 1294 567 1340; x_wconf 70' lang='lat'><strong>475</strong></span> 
     </span>
    </p>
   </div>
   <div class='ocr_carea' id='block_1_5' title="bbox 475 1601 566 1648">
    <p class='ocr_par' dir='ltr' id='par_1_5' title="bbox 475 1601 566 1648">
     <span class='ocr_line' id='line_1_5' title="bbox 475 1601 566 1648; baseline -0.033 0"><span class='ocrx_word' id='word_1_5' title='bbox 475 1601 566 1648; x_wconf 72' lang='lat'><strong>‘176</strong></span> 
     </span>
    </p>
   </div>
   <div class='ocr_carea' id='block_1_6' title="bbox 472 1908 563 1954">
    <p class='ocr_par' dir='ltr' id='par_1_6' title="bbox 472 1908 563 1954">
     <span class='ocr_line' id='line_1_6' title="bbox 472 1908 563 1954; baseline 0 0"><span class='ocrx_word' id='word_1_6' title='bbox 472 1908 563 1954; x_wconf 73' lang='lat'><strong>477</strong></span> 
     </span>
    </p>
   </div>
   <div class='ocr_carea' id='block_1_7' title="bbox 469 2217 560 2276">
    <p class='ocr_par' dir='ltr' id='par_1_7' title="bbox 469 2217 560 2276">
     <span class='ocr_line' id='line_1_7' title="bbox 469 2217 560 2276; baseline 0 -13"><span class='ocrx_word' id='word_1_7' title='bbox 469 2217 560 2276; x_wconf 66' lang='lat'><strong>478</strong></span> 
     </span>
    </p>
   </div>
   <div class='ocr_carea' id='block_1_8' title="bbox 469 2523 559 2569">
    <p class='ocr_par' dir='ltr' id='par_1_8' title="bbox 469 2523 559 2569">
     <span class='ocr_line' id='line_1_8' title="bbox 469 2523 559 2569; baseline -0.011 0"><span class='ocrx_word' id='word_1_8' title='bbox 469 2523 559 2569; x_wconf 75' lang='lat'><strong>¹179</strong></span> 
     </span>
    </p>
   </div>
   <div class='ocr_carea' id='block_1_9' title="bbox 1112 353 1246 387">
    <p class='ocr_par' dir='ltr' id='par_1_9' title="bbox 1112 353 1246 387">
     <span class='ocr_line' id='line_1_9' title="bbox 1112 353 1246 387; baseline 0 -1"><span class='ocrx_word' id='word_1_9' title='bbox 1112 353 1246 387; x_wconf 76' lang='lat' dir='ltr'>GESTA</span> 
     </span>
    </p>
   </div>
   <div class='ocr_carea' id='block_1_10' title="bbox 757 442 1556 2742">
    <p class='ocr_par' dir='ltr' id='par_1_10' title="bbox 757 442 1556 2742">
     <span class='ocr_line' id='line_1_10' title="bbox 772 442 1356 494; baseline -0.005 0"><span class='ocrx_word' id='word_1_10' title='bbox 772 449 820 494; x_wconf 90' lang='lat' dir='ltr'><strong>et</strong></span> <span class='ocrx_word' id='word_1_11' title='bbox 844 443 1060 493; x_wconf 90' lang='lat' dir='ltr'><strong>obsidem</strong></span> <span class='ocrx_word' id='word_1_12' title='bbox 1084 459 1134 491; x_wconf 91' lang='lat' dir='ltr'><strong>se</strong></span> <span class='ocrx_word' id='word_1_13' title='bbox 1160 442 1356 491; x_wconf 82' lang='lat' dir='ltr'><strong>dederat</strong></span> 
     </span>
     <span class='ocr_line' id='line_1_11' title="bbox 774 517 1391 586; baseline -0.005 -16"><span class='ocrx_word' id='word_1_14' title='bbox 774 520 904 586; x_wconf 92' lang='lat' dir='ltr'><strong>quod</strong></span> <span class='ocrx_word' id='word_1_15' title='bbox 926 524 1055 568; x_wconf 86' lang='lat' dir='ltr'><strong>tutus</strong></span> <span class='ocrx_word' id='word_1_16' title='bbox 1079 517 1139 566; x_wconf 87' lang='lat' dir='ltr'><strong>de</strong></span> <span class='ocrx_word' id='word_1_17' title='bbox 1163 524 1391 583; x_wconf 86' lang='lat' dir='ltr'><strong>perpetua</strong></span> 
     </span>
     <span class='ocr_line' id='line_1_12' title="bbox 771 595 1322 663; baseline -0.007 -16"><span class='ocrx_word' id='word_1_18' title='bbox 771 596 930 663; x_wconf 88' lang='lat' dir='ltr'><strong>presul</strong></span> <span class='ocrx_word' id='word_1_19' title='bbox 957 595 1078 643; x_wconf 90' lang='lat' dir='ltr'><strong>foret</strong></span> <span class='ocrx_word' id='word_1_20' title='bbox 1102 595 1196 643; x_wconf 85' lang='lat' dir='ltr'><strong>fide</strong></span> <span class='ocrx_word' id='word_1_21' title='bbox 1222 612 1322 643; x_wconf 86' lang='lat' dir='ltr'><strong>sua.</strong></span> 
     </span>
     <span class='ocr_line' id='line_1_13' title="bbox 835 672 1556 737; baseline -0.003 -15"><span class='ocrx_word' id='word_1_22' title='bbox 835 677 983 733; x_wconf 83' lang='lat' dir='ltr'><strong>Quam</strong></span> <span class='ocrx_word' id='word_1_23' title='bbox 1010 687 1201 720; x_wconf 88' lang='lat' dir='ltr'><strong>servare</strong></span> <span class='ocrx_word' id='word_1_24' title='bbox 1226 672 1335 736; x_wconf 86' lang='lat' dir='ltr'><strong>quia</strong></span> <span class='ocrx_word' id='word_1_25' title='bbox 1360 672 1556 737; x_wconf 91' lang='lat' dir='ltr'><strong>sprevit,</strong></span> 
     </span>
     <span class='ocr_line' id='line_1_14' title="bbox 770 748 1316 817; baseline -0.005 -18"><span class='ocrx_word' id='word_1_26' title='bbox 770 767 860 817; x_wconf 92' lang='lat' dir='ltr'><strong>pro</strong></span> <span class='ocrx_word' id='word_1_27' title='bbox 886 749 1072 815; x_wconf 83' lang='lat' dir='ltr'><strong>presule</strong></span> <span class='ocrx_word' id='word_1_28' title='bbox 1095 748 1198 797; x_wconf 93' lang='lat' dir='ltr'><strong>miti</strong></span> <span class='ocrx_word' id='word_1_29' title='bbox 1220 749 1316 797; x_wconf 91' lang='lat' dir='ltr'><strong>ruit</strong></span> 
     </span>
     <span class='ocr_line' id='line_1_15' title="bbox 770 825 1277 878; baseline -0.008 -1"><span class='ocrx_word' id='word_1_30' title='bbox 770 828 889 878; x_wconf 92' lang='lat' dir='ltr'><strong>sicut</strong></span> <span class='ocrx_word' id='word_1_31' title='bbox 914 831 961 875; x_wconf 92' lang='lat' dir='ltr'><strong>et</strong></span> <span class='ocrx_word' id='word_1_32' title='bbox 987 825 1141 875; x_wconf 89' lang='lat' dir='ltr'><strong>Golias</strong></span> <span class='ocrx_word' id='word_1_33' title='bbox 1166 825 1277 874; x_wconf 87' lang='lat' dir='ltr'><strong>fecit</strong></span> 
     </span>
     <span class='ocr_line' id='line_1_16' title="bbox 769 903 1333 971; baseline -0.004 -18"><span class='ocrx_word' id='word_1_34' title='bbox 769 921 859 971; x_wconf 93' lang='lat' dir='ltr'><strong>pro</strong></span> <span class='ocrx_word' id='word_1_35' title='bbox 884 903 1143 952; x_wconf 89' lang='lat' dir='ltr'><strong>humilitate</strong></span> <span class='ocrx_word' id='word_1_36' title='bbox 1168 903 1333 952; x_wconf 86' lang='lat' dir='ltr'><strong>David.</strong></span> 
     </span>
     <span class='ocr_line' id='line_1_17' title="bbox 833 980 1410 1030; baseline 0 0"><span class='ocrx_word' id='word_1_37' title='bbox 833 981 1040 1030; x_wconf 84' lang='lat' dir='ltr'><strong>Tandem</strong></span> <span class='ocrx_word' id='word_1_38' title='bbox 1065 980 1160 1029; x_wconf 90' lang='lat' dir='ltr'><strong>suis</strong></span> <span class='ocrx_word' id='word_1_39' title='bbox 1185 980 1410 1030; x_wconf 82' lang='lat' dir='ltr'><strong>militibus</strong></span> 
     </span>
     <span class='ocr_line' id='line_1_18' title="bbox 766 1056 1416 1122; baseline -0.003 -15"><span class='ocrx_word' id='word_1_40' title='bbox 766 1074 939 1122; x_wconf 90' lang='lat' dir='ltr'><strong>corpus</strong></span> <span class='ocrx_word' id='word_1_41' title='bbox 965 1057 1160 1106; x_wconf 87' lang='lat' dir='ltr'><strong>Gerardi</strong></span> <span class='ocrx_word' id='word_1_42' title='bbox 1184 1056 1416 1115; x_wconf 85' lang='lat' dir='ltr'><strong>redditur,</strong></span> 
     </span>
     <span class='ocr_line' id='line_1_19' title="bbox 766 1135 1286 1184; baseline -0.004 0"><span class='ocrx_word' id='word_1_43' title='bbox 766 1135 851 1184; x_wconf 94' lang='lat' dir='ltr'><strong>sed</strong></span> <span class='ocrx_word' id='word_1_44' title='bbox 875 1135 1286 1183; x_wconf 87' lang='lat' dir='ltr'><strong>anathematizatus</strong></span> 
     </span>
     <span class='ocr_line' id='line_1_20' title="bbox 765 1211 1315 1261; baseline -0.004 0"><span class='ocrx_word' id='word_1_45' title='bbox 765 1213 811 1261; x_wconf 88' lang='lat' dir='ltr'><strong>in</strong></span> <span class='ocrx_word' id='word_1_46' title='bbox 837 1212 957 1261; x_wconf 89' lang='lat' dir='ltr'><strong>atrio</strong></span> <span class='ocrx_word' id='word_1_47' title='bbox 982 1228 1076 1260; x_wconf 91' lang='lat' dir='ltr'><strong>non</strong></span> <span class='ocrx_word' id='word_1_48' title='bbox 1098 1211 1315 1260; x_wconf 81' lang='lat' dir='ltr'><strong>mittitur.</strong></span> 
     </span>
     <span class='ocr_line' id='line_1_21' title="bbox 829 1289 1306 1339; baseline -0.004 0"><span class='ocrx_word' id='word_1_49' title='bbox 829 1293 958 1339; x_wconf 93' lang='lat' dir='ltr'><strong>Tunc</strong></span> <span class='ocrx_word' id='word_1_50' title='bbox 982 1290 1057 1338; x_wconf 89' lang='lat' dir='ltr'><strong>illa</strong></span> <span class='ocrx_word' id='word_1_51' title='bbox 1079 1289 1306 1338; x_wconf 82' lang='lat' dir='ltr'><strong>diabolica</strong></span> 
     </span>
     <span class='ocr_line' id='line_1_22' title="bbox 763 1366 1166 1424; baseline -0.002 -9"><span class='ocrx_word' id='word_1_52' title='bbox 763 1367 952 1415; x_wconf 91' lang='lat' dir='ltr'><strong>militiae</strong></span> <span class='ocrx_word' id='word_1_53' title='bbox 978 1366 1166 1424; x_wconf 86' lang='lat' dir='ltr'><strong>familia,</strong></span> 
     </span>
     <span class='ocr_line' id='line_1_23' title="bbox 764 1443 1327 1508; baseline -0.002 -16"><span class='ocrx_word' id='word_1_54' title='bbox 764 1444 1009 1493; x_wconf 87' lang='lat' dir='ltr'><strong>maledicta</strong></span> <span class='ocrx_word' id='word_1_55' title='bbox 1033 1450 1081 1492; x_wconf 89' lang='lat' dir='ltr'><strong>et</strong></span> <span class='ocrx_word' id='word_1_56' title='bbox 1104 1443 1327 1508; x_wconf 90' lang='lat' dir='ltr'><strong>pessima,</strong></span> 
     </span>
     <span class='ocr_line' id='line_1_24' title="bbox 764 1520 1387 1585; baseline -0.002 -16"><span class='ocrx_word' id='word_1_57' title='bbox 764 1538 883 1585; x_wconf 90' lang='lat' dir='ltr'><strong>quae</strong></span> <span class='ocrx_word' id='word_1_58' title='bbox 909 1521 1118 1570; x_wconf 88' lang='lat' dir='ltr'><strong>Gerardo</strong></span> <span class='ocrx_word' id='word_1_59' title='bbox 1143 1520 1387 1578; x_wconf 82' lang='lat' dir='ltr'><strong>servierat,</strong></span> 
     </span>
     <span class='ocr_line' id='line_1_25' title="bbox 827 1597 1541 1663; baseline 0.001 -18"><span class='ocrx_word' id='word_1_60' title='bbox 827 1598 1022 1663; x_wconf 85' lang='lat' dir='ltr'><strong>plangit,</strong></span> <span class='ocrx_word' id='word_1_61' title='bbox 1052 1597 1180 1646; x_wconf 89' lang='lat' dir='ltr'><strong>dolet</strong></span> <span class='ocrx_word' id='word_1_62' title='bbox 1204 1603 1346 1663; x_wconf 86' lang='lat' dir='ltr'><strong>atque</strong></span> <span class='ocrx_word' id='word_1_63' title='bbox 1370 1598 1541 1662; x_wconf 83' lang='lat' dir='ltr'><strong>plorat,</strong></span> 
     </span>
     <span class='ocr_line' id='line_1_26' title="bbox 762 1674 1342 1740; baseline 0 -18"><span class='ocrx_word' id='word_1_64' title='bbox 762 1674 907 1723; x_wconf 86' lang='lat' dir='ltr'><strong>vitam</strong></span> <span class='ocrx_word' id='word_1_65' title='bbox 933 1675 1033 1740; x_wconf 90' lang='lat' dir='ltr'><strong>ejus</strong></span> <span class='ocrx_word' id='word_1_66' title='bbox 1057 1674 1342 1740; x_wconf 88' lang='lat' dir='ltr'><strong>magnificat,</strong></span> 
     </span>
     <span class='ocr_line' id='line_1_27' title="bbox 761 1752 1242 1817; baseline -0.002 -17"><span class='ocrx_word' id='word_1_67' title='bbox 761 1769 854 1800; x_wconf 91' lang='lat' dir='ltr'><strong>non</strong></span> <span class='ocrx_word' id='word_1_68' title='bbox 882 1752 970 1800; x_wconf 88' lang='lat' dir='ltr'><strong>alia</strong></span> <span class='ocrx_word' id='word_1_69' title='bbox 991 1768 1050 1799; x_wconf 89' lang='lat' dir='ltr'><strong>ex</strong></span> <span class='ocrx_word' id='word_1_70' title='bbox 1075 1752 1242 1817; x_wconf 88' lang='lat' dir='ltr'><strong>gratia,</strong></span> 
     </span>
     <span class='ocr_line' id='line_1_28' title="bbox 762 1828 1282 1878; baseline -0.002 0"><span class='ocrx_word' id='word_1_71' title='bbox 762 1829 845 1878; x_wconf 90' lang='lat' dir='ltr'><strong>sed</strong></span> <span class='ocrx_word' id='word_1_72' title='bbox 872 1828 931 1877; x_wconf 88' lang='lat' dir='ltr'><strong>de</strong></span> <span class='ocrx_word' id='word_1_73' title='bbox 957 1846 1041 1878; x_wconf 88' lang='lat' dir='ltr'><strong>sua</strong></span> <span class='ocrx_word' id='word_1_74' title='bbox 1065 1829 1282 1877; x_wconf 82' lang='lat' dir='ltr'><strong>malitia¹.</strong></span> 
     </span>
     <span class='ocr_line' id='line_1_29' title="bbox 825 1905 1433 1972; baseline -0.002 -18"><span class='ocrx_word' id='word_1_75' title='bbox 825 1906 1054 1972; x_wconf 90' lang='lat' dir='ltr'><strong>Plangunt</strong></span> <span class='ocrx_word' id='word_1_76' title='bbox 1078 1911 1124 1955; x_wconf 89' lang='lat' dir='ltr'><strong>et</strong></span> <span class='ocrx_word' id='word_1_77' title='bbox 1148 1906 1238 1954; x_wconf 86' lang='lat' dir='ltr'><strong>viri</strong></span> <span class='ocrx_word' id='word_1_78' title='bbox 1264 1905 1433 1954; x_wconf 90' lang='lat' dir='ltr'><strong>divites</strong></span> 
     </span>
     <span class='ocr_line' id='line_1_30' title="bbox 760 1983 1218 2049; baseline 0.002 -18"><span class='ocrx_word' id='word_1_79' title='bbox 760 1984 907 2048; x_wconf 92' lang='lat' dir='ltr'><strong>ipsius</strong></span> <span class='ocrx_word' id='word_1_80' title='bbox 933 1983 1218 2049; x_wconf 85' lang='lat' dir='ltr'><strong>largitiones,</strong></span> 
     </span>
     <span class='ocr_line' id='line_1_31' title="bbox 761 2060 1471 2127; baseline -0.001 -18"><span class='ocrx_word' id='word_1_81' title='bbox 761 2061 885 2110; x_wconf 90' lang='lat' dir='ltr'><strong>unde</strong></span> <span class='ocrx_word' id='word_1_82' title='bbox 911 2061 1178 2127; x_wconf 84' lang='lat' dir='ltr'><strong>gaudebant</strong></span> <span class='ocrx_word' id='word_1_83' title='bbox 1202 2060 1471 2125; x_wconf 85' lang='lat' dir='ltr'><strong>complices,</strong></span> 
     </span>
     <span class='ocr_line' id='line_1_32' title="bbox 760 2137 1391 2203; baseline -0.002 -16"><span class='ocrx_word' id='word_1_84' title='bbox 760 2137 843 2187; x_wconf 90' lang='lat' dir='ltr'><strong>sed</strong></span> <span class='ocrx_word' id='word_1_85' title='bbox 868 2138 980 2187; x_wconf 89' lang='lat' dir='ltr'><strong>nudi</strong></span> <span class='ocrx_word' id='word_1_86' title='bbox 1007 2139 1183 2187; x_wconf 84' lang='lat' dir='ltr'><strong>flebant</strong></span> <span class='ocrx_word' id='word_1_87' title='bbox 1206 2137 1391 2203; x_wconf 86' lang='lat' dir='ltr'><strong>inopes.</strong></span> 
     </span>
     <span class='ocr_line' id='line_1_33' title="bbox 822 2215 1416 2279; baseline 0.002 -16"><span class='ocrx_word' id='word_1_88' title='bbox 822 2215 1050 2264; x_wconf 87' lang='lat' dir='ltr'><strong>Predator</strong></span> <span class='ocrx_word' id='word_1_89' title='bbox 1074 2233 1100 2263; x_wconf 91' lang='lat' dir='ltr'><strong>a</strong></span> <span class='ocrx_word' id='word_1_90' title='bbox 1125 2215 1416 2279; x_wconf 90' lang='lat' dir='ltr'><strong>predonibus</strong></span> 
     </span>
     <span class='ocr_line' id='line_1_34' title="bbox 758 2291 1276 2357; baseline 0.002 -18"><span class='ocrx_word' id='word_1_91' title='bbox 758 2291 973 2340; x_wconf 90' lang='lat' dir='ltr'><strong>laudatur</strong></span> <span class='ocrx_word' id='word_1_92' title='bbox 997 2297 1044 2340; x_wconf 91' lang='lat' dir='ltr'><strong>et</strong></span> <span class='ocrx_word' id='word_1_93' title='bbox 1067 2292 1276 2357; x_wconf 85' lang='lat' dir='ltr'><strong>diligitur</strong></span> 
     </span>
     <span class='ocr_line' id='line_1_35' title="bbox 758 2367 1305 2432; baseline 0.004 -17"><span class='ocrx_word' id='word_1_94' title='bbox 758 2367 817 2416; x_wconf 91' lang='lat' dir='ltr'><strong>ab</strong></span> <span class='ocrx_word' id='word_1_95' title='bbox 842 2368 1014 2432; x_wconf 92' lang='lat' dir='ltr'><strong>iniquis</strong></span> <span class='ocrx_word' id='word_1_96' title='bbox 1037 2368 1305 2418; x_wconf 91' lang='lat' dir='ltr'><strong>hominibus</strong></span> 
     </span>
     <span class='ocr_line' id='line_1_36' title="bbox 757 2445 1277 2510; baseline 0.004 -18"><span class='ocrx_word' id='word_1_97' title='bbox 757 2445 944 2510; x_wconf 91' lang='lat' dir='ltr'><strong>iniquus</strong></span> <span class='ocrx_word' id='word_1_98' title='bbox 969 2446 1277 2495; x_wconf 84' lang='lat' dir='ltr'><strong>benedicitur.</strong></span> 
     </span>
     <span class='ocr_line' id='line_1_37' title="bbox 822 2523 1397 2589; baseline 0 -18"><span class='ocrx_word' id='word_1_99' title='bbox 822 2525 973 2588; x_wconf 87' lang='lat' dir='ltr'><strong>Super</strong></span> <span class='ocrx_word' id='word_1_100' title='bbox 997 2523 1088 2571; x_wconf 92' lang='lat' dir='ltr'><strong>isto</strong></span> <span class='ocrx_word' id='word_1_101' title='bbox 1114 2523 1178 2571; x_wconf 90' lang='lat' dir='ltr'><strong>nil</strong></span> <span class='ocrx_word' id='word_1_102' title='bbox 1197 2523 1358 2589; x_wconf 87' lang='lat' dir='ltr'><strong>judico</strong></span> <span class='ocrx_word' id='word_1_103' title='bbox 1387 2542 1397 2571; x_wconf 70' lang='grc' dir='ltr'>ε</span> 
     </span>
     <span class='ocr_line' id='line_1_38' title="bbox 757 2599 1354 2649; baseline 0.002 -1"><span class='ocrx_word' id='word_1_104' title='bbox 757 2616 867 2648; x_wconf 92' lang='lat' dir='ltr'><strong>nam</strong></span> <span class='ocrx_word' id='word_1_105' title='bbox 891 2599 951 2648; x_wconf 89' lang='lat' dir='ltr'><strong>de</strong></span> <span class='ocrx_word' id='word_1_106' title='bbox 976 2600 1103 2648; x_wconf 90' lang='lat' dir='ltr'><strong>omni</strong></span> <span class='ocrx_word' id='word_1_107' title='bbox 1129 2601 1354 2649; x_wconf 89' lang='lat' dir='ltr'><strong>catholico</strong></span> 
     </span>
     <span class='ocr_line' id='line_1_39' title="bbox 760 2677 1202 2742; baseline 0 -17"><span class='ocrx_word' id='word_1_108' title='bbox 760 2677 978 2742; x_wconf 86' lang='lat' dir='ltr'><strong>perditio,</strong></span> <span class='ocrx_word' id='word_1_109' title='bbox 1008 2678 1202 2726; x_wconf 84' lang='lat' dir='ltr'><strong>salvatio</strong></span> 
     </span>
    </p>
   </div>
   <div class='ocr_carea' id='block_1_11' title="bbox 516 2847 1383 2895">
    <p class='ocr_par' dir='ltr' id='par_1_11' title="bbox 516 2847 1383 2895">
     <span class='ocr_line' id='line_1_40' title="bbox 516 2847 1383 2895; baseline 0.003 -12"><span class='ocrx_word' id='word_1_110' title='bbox 516 2848 546 2883; x_wconf 85' lang='lat'><strong>1.</strong></span> <span class='ocrx_word' id='word_1_111' title='bbox 576 2847 609 2884; x_wconf 91' lang='lat' dir='ltr'><strong>Il</strong></span> <span class='ocrx_word' id='word_1_112' title='bbox 630 2860 652 2895; x_wconf 92' lang='lat' dir='ltr'>y</span> <span class='ocrx_word' id='word_1_113' title='bbox 672 2848 774 2885; x_wconf 82' lang='lat' dir='ltr'><strong>avait</strong></span> <span class='ocrx_word' id='word_1_114' title='bbox 794 2848 946 2886; x_wconf 87' lang='lat' dir='ltr'><strong>d&#39;abord</strong></span> <span class='ocrx_word' id='word_1_115' title='bbox 967 2848 1061 2886; x_wconf 82' lang='lat' dir='ltr'><strong>dans</strong></span> <span class='ocrx_word' id='word_1_116' title='bbox 1082 2849 1116 2886; x_wconf 85' lang='lat' dir='ltr'><strong>le</strong></span> <span class='ocrx_word' id='word_1_117' title='bbox 1136 2860 1208 2886; x_wconf 86' lang='lat' dir='ltr'><strong>ms.</strong></span> <span class='ocrx_word' id='word_1_118' title='bbox 1232 2852 1383 2886; x_wconf 66' lang='lat' dir='ltr'><strong>militia.</strong></span> 
     </span>
    </p>
   </div>
  </div>
 </body>
</html>
