2092 3490
489 380 546 413 180
1121 374 1256 408 GESTA

777 465 898 514 vinci
922 480 1009 528 per
1032 463 1305 528 patientiam
1334 481 1344 511 ε

777 558 885 590 nam
910 540 991 605 qui
1017 540 1190 589 exaltat
1212 540 1436 589 humilem

776 619 957 683 franget
983 617 1082 683 ejus
1107 616 1423 682 superbiam1.

515 699 577 747 48
839 698 898 744 Ut
923 695 1151 758 scriptum
1175 698 1265 752 est,
1294 697 1403 742 sunt
1428 693 1583 742 omnia

773 772 983 821 credenti
1005 770 1292 836 possibilia²‚

774 850 814 899 si
839 850 887 897 in
909 852 1005 898 Deo
1031 848 1121 897 sibi
1145 865 1259 897 vera

773 927 833 976 sit
857 943 967 991 spes
991 931 1132 990 atque
1156 924 1338 974 fidutia.

514 1005 576 1053 49
839 1002 1056 1053 Credenti
1081 1005 1205 1051 Deus
1231 1001 1448 1050 subvenit
1478 1020 1488 1049 ε

775 1097 885 1129 nam
907 1080 984 1129 die
1009 1079 1214 1145 quadam
1238 1079 1404 1128 accidit

774 1157 903 1223 quod
928 1156 1163 1206 Gerardus
1188 1156 1267 1220 qui
1294 1155 1506 1222 superbit

774 1235 822 1283 in
848 1251 1013 1283 manus
1039 1250 1146 1283 suas
1171 1233 1365 1282 corruit.

517 1316 577 1361 50
839 1316 1000 1376 Itaque
1024 1328 1113 1376 pro
1139 1310 1364 1360 miraculo

774 1388 1008 1438 universis
1032 1387 1222 1436 notifico

777 1465 1013 1516 Ger-ardus
1038 1465 1097 1513 ab
1125 1464 1349 1529 episcopo

776 1559 871 1607 quo
895 1547 1059 1607 captus
1084 1547 1157 1590 est
1181 1541 1403 1590 fortunio.

917 1700 999 1742 De
1030 1697 1283 1751 captione
1316 1697 1453 1751 ejus.

471 1844 474 1848 '
519 1837 571 1883 5⁴
842 1832 914 1882 Ad
938 1832 1211 1881 Thumium3
1237 1831 1397 1896 presul
1423 1837 1524 1880 erat

777 1926 886 1959 cum
908 1909 1145 1959 Gerardus
1169 1909 1418 1958 transierat
1447 1926 1457 1956 :

777 1987 850 2036 cui
876 1987 1003 2051 loqui
1030 1987 1314 2051 despexerat

777 2079 865 2111 nec
889 2063 1174 2111 conductum
1199 2061 1452 2126 quesierat.

521 2143 582 2192 52
843 2140 930 2199 Qui
954 2139 1113 2188 audito
1139 2140 1262 2188 hunc
1286 2138 1546 2204 superbum

778 2216 845 2265 sic
868 2217 1094 2265 transisse
1119 2233 1206 2281 per
1227 2216 1474 2265 Thumium

779 2294 958 2342 nullum
982 2293 1229 2357 requirens
1255 2293 1452 2349 socium,

779 2370 974 2419 Gerardi
999 2375 1181 2434 spectat
1205 2369 1429 2418 reditum.

521 2450 582 2496 53
843 2447 1114 2497 Revertenti
1139 2446 1198 2495 ad
1220 2462 1472 2511 vesperam

778 2523 868 2573 sibi
891 2523 1052 2588 presul
1078 2530 1170 2573 stat
1194 2523 1385 2572 obviam

535 2691 568 2727 1.
598 2690 732 2738 Comp.
753 2691 860 2726 Prov.
881 2688 1040 2736 XXIX,
1062 2689 1128 2734 23;
1149 2689 1242 2727 Luc.
1265 2688 1378 2737 XIV,
1402 2689 1461 2737 11,
1481 2692 1554 2726 etc.

534 2747 569 2785 2.
598 2748 714 2785 Marc.
736 2747 812 2796 IX,
833 2747 893 2785 22.

535 2807 568 2845 3.
601 2801 902 2854 rhun-emaque.
924 2806 975 2844 Ge
994 2806 1155 2844 chateau
1173 2806 1247 2843 fort
1265 2805 1367 2843 avait
1385 2805 1444 2843 ete
1464 2803 1648 2843 construit
1661 2813 1728 2852 par
1739 2801 1893 2841 Nicolas

487 2865 689 2903 lui-meme
712 2866 866 2914 (Canon.
890 2866 1099 2914 Gamerae„
1121 2877 1152 2903 c.
1175 2866 1234 2912 20,
1257 2877 1294 2913 p.
1318 2865 1411 2913 508).
