2092 3490
489 362 551 394 212
1119 352 1253 391 GESTA

780 445 1041 512 ingemiscit
1064 451 1112 493 et
1136 445 1308 510 cogitat

780 522 894 586 quid
918 520 1068 586 magis
1094 520 1226 584 sequi
1250 520 1435 569 debeat.

489 602 583 650 268
844 597 890 646 Si
917 596 1043 644 enim
1068 596 1342 645 satisfecerit

779 673 935 738 nepoti
963 689 1048 721 suo
1073 673 1268 738 Symoni

779 756 827 799 et
850 749 960 797 hinc
984 749 1110 798 cives
1133 748 1400 806 offenderit,

778 827 986 875 infideles
1011 826 1099 875 sibi
1124 826 1265 891 parit.

489 907 583 956 269
842 907 899 952 Et
925 904 963 952 si
987 904 1089 968 ipse
1114 903 1358 952 consilium

778 986 825 1029 et
849 981 966 1029 velle
992 980 1100 1029 facit
1124 980 1314 1038 civium,

778 1057 986 1116 offendit,
1015 1058 1221 1121 inquam,
1251 1057 1499 1106 Dominum

777 1134 839 1182 ob
864 1133 973 1181 fidei
998 1133 1311 1182 mendacium,

487 1213 581 1261 270
842 1214 1173 1262 Verumtamen
1198 1210 1357 1275 presul
1382 1210 1483 1275 ipse

777 1293 996 1337 neutrum
1019 1288 1180 1336 valens
1203 1287 1353 1336 facere

776 1365 873 1414 sine
898 1365 1055 1414 verbis
1080 1365 1388 1430 calumpniae,

778 1442 877 1491 sine
902 1443 1036 1507 culpa
1061 1442 1339 1500 discordiae,

487 1522 572 1571 271
843 1519 1077 1569 estimavit
1099 1519 1249 1584 majus
1275 1519 1451 1568 honum

776 1597 973 1645 sufferre
998 1597 1147 1645 minas
1173 1596 1345 1645 civium

776 1691 918 1738 quam
942 1690 1136 1738 peccare
1161 1673 1208 1720 in
1233 1672 1483 1721 Dominum

777 1755 972 1815 propter
997 1750 1106 1798 fidei
1130 1755 1496 1815 transgressum.

486 1829 581 1879 272
841 1828 957 1876 Hinc
983 1827 1340 1879 Sanctobertum
1363 1826 1527 1875 tribuit

776 1904 935 1969 nepoti
961 1921 1047 1953 suo
1072 1905 1263 1969 Symoni

777 1997 914 2030 causa
940 1981 1198 2029 servandae
1222 1980 1332 2029 fidei

770 2058 906 2123 jussu
931 2058 1283 2124 archiepiscopi.

485 2133 579 2183 273
840 2134 921 2183 His
945 2135 1102 2183 relatis
1127 2133 1397 2183 rumoribus

775 2210 835 2259 ad
858 2211 1079 2260 comitem
1104 2211 1163 2259 de
1188 2210 1439 2267 Montibus,

774 2287 1006 2336 festinavit
1030 2287 1236 2336 velocius

776 2381 883 2413 cum
908 2365 1345 2416 Valenceniensibus

486 2440 582 2491 274
842 2445 1047 2489 castrum
1071 2439 1184 2488 illud
1208 2456 1437 2504 occupare

775 2522 822 2566 et
846 2517 1031 2565 circiter
1055 2517 1290 2576 obsidere,

485 2677 759 2715 certainement
771 2688 817 2714 en
831 2676 958 2725 placer
970 2687 1045 2713 une
1059 2676 1178 2723 partie
1192 2675 1286 2713 dans
1299 2675 1446 2713 l'annee
1460 2674 1695 2723 precedente,
1706 2674 1880 2724 puisque,

484 2746 532 2772 au
554 2736 792 2784 temoignage
812 2736 863 2772 du
882 2737 1008 2772 meme
1027 2735 1224 2783 Lambert,
1252 2735 1288 2771 la
1307 2734 1544 2782 catastrophe
1562 2734 1627 2783 qui
1645 2734 1716 2771 mit
1734 2734 1788 2771 fin
1806 2745 1882 2771 aux

484 2795 592 2842 longs
611 2795 777 2832 demeles
801 2800 906 2833 entre
926 2795 1095 2844 l'eveque
1116 2799 1154 2831 et
1172 2805 1241 2831 son
1260 2794 1396 2842 peuple
1415 2796 1586 2832 racontes
1610 2793 1680 2842 ici,
1702 2794 1826 2832 arriva
1844 2794 1880 2830 le

486 2855 527 2890 17
543 2855 690 2902 janvier
711 2855 800 2893 1138
824 2856 956 2903 (comp.
980 2854 1064 2903 plus
1083 2854 1150 2892 has
1170 2854 1206 2892 la
1225 2858 1313 2891 note
1332 2854 1355 2891 ὰ
1374 2853 1410 2891 la
1430 2858 1495 2891 str.
1517 2854 1613 2894 411).
