2092 3490
268 598 330 648 48

266 908 328 958 49

266 1222 328 1269 50

263 1532 315 1579 5โด

263 1844 325 1894 52

260 2155 322 2202 53

260 2462 324 2511 54

776 354 1036 388 BURGHARDI.
1060 356 1100 388 11.

431 443 511 508 qui
536 444 710 509 Joseph
735 445 980 494 venditum
1005 447 1199 513 regique
1225 448 1467 499 subditum

428 538 574 586 super
598 522 825 587 Egyptios
850 523 959 573 fecit
984 526 1297 590 prepositum.

496 599 544 648 Si
568 602 692 649 Deus
717 601 930 651 decrevit
953 608 1006 651 ut
1031 603 1092 652 sit
1117 604 1385 670 episcopus,

429 675 530 741 ejus
554 677 757 743 imperio
781 679 883 728 vult
907 697 1012 729 esse
1037 681 1256 741 famulus,

429 753 518 803 sibi
543 755 771 805 obediens
796 763 848 806 ut
870 758 994 823 patri
1020 759 1160 817 filius,

424 831 554 897 jussa
580 834 851 884 custodiens
877 836 997 886 sicut
1021 836 1296 903 discipulus.

494 910 756 960 Prudenter
781 912 925 979 igitur
949 914 1160 978 prudens
1186 933 1236 964 se
1262 917 1484 976 continet,

427 986 580 1054 diligit
605 989 818 1049 clericos,
848 1008 875 1039 a
900 991 1035 1040 malis
1061 993 1299 1057 prohibet,

426 1064 625 1131 largitur
649 1066 936 1132 quibusdam
962 1069 1021 1118 de
1048 1070 1121 1119 his
1147 1088 1268 1136 quae
1295 1073 1507 1137 possidet

427 1148 475 1192 et
498 1160 586 1208 per
610 1144 699 1192 hoc
723 1145 924 1211 gratiam
949 1164 1117 1197 eorum
1141 1149 1342 1214 optinet.

494 1221 700 1270 Intendit
724 1223 866 1272 etiam
892 1224 939 1272 in
966 1225 1103 1275 bonis
1129 1227 1327 1287 actibus,

427 1305 590 1348 vaccat
614 1300 813 1350 assiduis
839 1303 1132 1353 orationibus
1163 1323 1172 1353 :

426 1376 619 1425 tandem
645 1378 712 1427 sic
738 1380 1001 1445 complacet
1026 1382 1250 1448 subjectis
1275 1384 1497 1435 omnibus

426 1455 556 1519 quod
581 1472 674 1504 una
698 1457 895 1522 cupiunt
920 1459 1183 1510 dominium
1209 1462 1326 1528 ejus.

490 1533 530 1581 A
554 1532 846 1597 sapientibus
871 1541 1094 1586 monetur
1119 1539 1289 1588 iterum

424 1626 511 1659 suo
535 1611 779 1675 requirere
803 1614 945 1679 capiti
970 1615 1128 1664 oleum
1158 1635 1167 1664 z

424 1687 626 1752 proinde
651 1691 914 1740 transmisit
939 1692 999 1741 ad
1024 1694 1337 1758 apostolicum

425 1765 667 1814 Ansellum
691 1767 880 1817 fidelem
906 1771 1305 1822 archidiaconum.

490 1843 578 1902 Qui
602 1860 807 1908 persona
832 1852 934 1896 erat
959 1849 1149 1908 decens,
1179 1851 1443 1910 laudabilis,

425 1921 594 1970 litteris
618 1922 862 1988 eloquens,
892 1925 1052 1993 lingua
1077 1927 1294 1986 affabilis,

423 1997 655 2064 decetque
674 1998 863 2066 >legatus
887 2008 985 2052 tam
1010 2004 1300 2055 honorabilis

423 2076 736 2142 legationibus
760 2079 808 2127 in
834 2082 1121 2146 apostolicis.
1371 2145 1375 2147 ยน

489 2154 578 2203 Ivit
601 2161 649 2204 et
674 2157 870 2206 contulit
893 2176 1060 2223 preces
1086 2161 1338 2211 aecclesiae

423 2235 471 2280 et
495 2231 735 2283 electionis
760 2235 957 2285 modum
984 2239 1291 2304 compositae.

423 2309 515 2359 Sed
539 2327 664 2377 papa
690 2318 854 2362 notato
878 2315 1013 2364 electi
1040 2317 1230 2366 nomine

424 2393 472 2436 et
496 2387 616 2438 sicut
641 2398 837 2440 venerat
861 2393 1035 2443 missus
1061 2413 1088 2443 a
1114 2411 1291 2453 cesare,

489 2465 549 2514 nil
576 2467 767 2533 inquam
795 2471 1059 2531 remandat,
1088 2473 1151 2522 nil
1177 2491 1294 2523 vero
1319 2476 1536 2535 consulit,

423 2559 591 2607 preces
616 2551 664 2594 et
688 2546 867 2597 litteras
892 2551 1196 2600 transmissas
1221 2555 1423 2618 respuit.

421 2624 622 2687 Legatus
648 2625 862 2675 Ansellus
888 2628 1110 2678 confusus
1135 2630 1275 2679 rediit

422 2699 793 2752 misericordiam
819 2706 928 2770 quia
953 2723 1048 2756 non
1073 2709 1244 2758 attulit.

1596 363 1653 397 149
