2092 3490
516 355 525 386 1
536 354 571 387 12
1044 350 1179 384 GESTA
1203 350 1375 384 ODONIS.

574 452 628 494 4.
650 452 731 494 De
752 448 1087 502 depositione
1108 449 1165 492 et
1182 429 1356 492 morte
1377 449 1567 502 ipsius.
1585 444 1782 491 ——Dum
1798 459 1912 492 vero

511 518 704 566 haberet
732 516 990 564 maximum
1023 515 1230 564 studium
1255 516 1315 564 de
1348 516 1604 565 salvatione
1628 518 1908 578 animarum,

510 595 594 644 sed
622 593 747 642 unde
777 593 959 641 viveret
987 591 1166 640 nullum
1197 592 1462 656 possideret
1486 593 1782 654 beneficium,
1810 601 1913 644 tan-

510 672 620 720 dem
638 671 698 719 de
715 669 898 734 quesito
912 675 959 717 et
971 674 1161 733 recepto
1181 670 1365 718 nescius
1377 670 1643 719 futurorum
1651 671 1699 719 in
1715 688 1912 738 magnae

508 747 777 796 offensionis
808 746 974 795 cecidit
1007 746 1285 810 periculum.
1320 750 1390 796 Ex
1420 747 1510 796 hoc
1540 749 1665 797 enim
1698 750 1827 813 quod
1851 750 1911 800 de

506 842 647 873 manu
694 823 994 888 imperatoris
1041 823 1431 872 excommunicati
1480 825 1663 891 virgam
1705 827 1911 892 suscepit

506 902 790 967 pastoralem
823 907 871 949 et
903 917 1064 949 coram
1101 900 1335 965 episcopis
1370 907 1418 950 et
1452 902 1744 967 principibus
1777 904 1910 970 regni

503 979 609 1027 fecit
635 978 723 1027 sibi
748 978 1035 1035 fidelitatem,
1070 978 1203 1041 quasi
1228 978 1408 1041 primus
1438 979 1758 1043 prevaricator
1782 997 1910 1030 sum-

505 1071 636 1105 mum
649 1055 843 1104 offendit
860 1055 1169 1104 sacerdotem.
1189 1058 1305 1102 Nam
1321 1055 1442 1103 inter
1455 1072 1627 1120 papam
1640 1061 1688 1105 et
1700 1073 1909 1107 cesarem

504 1133 549 1181 in
576 1139 789 1197 tempore
813 1132 892 1180 ino
908 1138 1008 1180 erat
1027 1131 1262 1180 contentio
1284 1132 1343 1180 de
1360 1133 1582 1196 pastorali
1601 1133 1766 1183 baculo
1783 1140 1832 1183 et
1847 1134 1907 1183 de

505 1209 632 1257 omni
675 1209 799 1257 dono
839 1208 1165 1257 ecclesiastico.
1214 1211 1361 1267 Quem
1391 1208 1491 1274 jam
1535 1209 1637 1274 ipse
1677 1227 1801 1275 papa
1839 1210 1907 1262 sic

503 1291 807 1351 superaverat
840 1285 968 1349 quod
1001 1286 1154 1334 nullus
1193 1286 1393 1350 amplius
1434 1286 1493 1336 de
1532 1287 1749 1336 manibus
1783 1288 1906 1338 illius

501 1363 827 1412 investituram
859 1362 1214 1411 ecclesiasticam
1250 1363 1462 1427 accipere
1492 1365 1811 1428 presumebat.
1848 1369 1906 1415 Et

503 1439 725 1504 quoniam
765 1439 854 1487 iste
891 1438 992 1487 Odo
1035 1440 1302 1503 episcopus,
1349 1439 1535 1488 humilis
1577 1445 1625 1488 et
1668 1440 1901 1501 incautus,

504 1523 707 1565 sacratas
727 1532 893 1564 manus
915 1515 1131 1564 manibus
1155 1516 1346 1564 heretici
1371 1522 1419 1564 et
1444 1517 1738 1567 anathemate
1762 1519 1905 1568 sacri-

500 1594 590 1659 legi
607 1593 787 1658 polluit‚
807 1593 896 1641 hoc
911 1593 1071 1657 utique
1088 1610 1209 1657 papa
1232 1610 1322 1658 pro
1346 1594 1479 1658 gravi
1500 1599 1666 1644 tenens
1687 1612 1900 1656 excessu,

500 1671 757 1736 epicopalia
775 1670 864 1718 sibi
888 1676 1054 1719 cuncta
1069 1671 1326 1734 prohibuit.
1351 1672 1569 1720 Infirmus
1585 1673 1726 1721 morti
1741 1674 1904 1738 proxi-

501 1765 606 1797 mus
624 1754 737 1796 tunc
753 1747 854 1812 ipse
867 1747 1051 1812 jacebat
1070 1747 1260 1811 quando
1279 1748 1327 1796 in
1343 1765 1451 1796 eum
1470 1749 1723 1814 apostolica
1738 1766 1904 1816 super-

498 1825 627 1873 venit
675 1825 919 1873 sententia.
973 1825 1059 1883 Qui
1106 1824 1331 1873 obediens
1373 1828 1468 1874 Deo
1518 1832 1565 1875 et
1617 1827 1897 1891 apostolico,

498 1901 745 1950 defunctus
782 1908 854 1950 est
891 1902 938 1949 in
981 1902 1268 1960 obedientia,
1314 1903 1524 1967 sepultus
1559 1903 1813 1954 honorifice
1853 1905 1901 1954 in

495 1978 792 2042 Aquicinensi
814 1978 1023 2028 ecclesia.

664 2157 907 2212 Explicit
939 2160 1005 2203 de
1034 2160 1224 2203 domno
1255 2161 1436 2204 Odone
1472 2161 1730 2216 episcopo

1000 2230 1393 2275 cameracensi.
