2092 3490
211 585 308 636 256

210 894 306 945 257

209 1206 305 1256 258

208 1521 305 1572 259

209 1833 306 1883 260

209 2146 296 2196 261

210 2456 307 2507 262

209 2765 306 2816 263

806 338 1030 373 GALGHERI.

506 444 614 478 cum
639 433 838 493 propter
862 429 983 478 hanc
1007 429 1264 495 perniciem

505 522 600 555 non
626 506 804 555 evitent
828 507 1118 572 pontificem.

571 585 663 635 Sed
688 591 796 634 ante
820 585 952 635 illum
976 587 1173 636 veniunt

505 668 554 712 et
577 663 803 728 quicquid
826 664 923 732 agit
947 665 1215 725 consulunt,

505 739 595 789 sihi
619 740 856 800 locuntur,
886 742 1115 801 serviunt,

505 833 615 866 cum
639 834 696 866 eo
722 823 907 883 potant,
935 819 1210 868 comedunt.

570 898 905 947 Verumtamen
932 913 1019 945 nec
1045 897 1264 962 proinde,

503 973 579 1022 vel
605 973 722 1023 dum
745 990 854 1023 esca
878 975 926 1022 in
950 991 1152 1040 corpore

503 1050 758 1110 residebat,
787 1051 848 1100 de
872 1052 1063 1116 presule

505 1146 600 1178 non
625 1136 812 1179 cessant
836 1130 1135 1180 maledicere.

569 1210 732 1272 Neque
757 1207 1000 1273 inceptum
1023 1207 1201 1258 facinus

502 1285 780 1334 remanebat
805 1286 868 1335 ob
895 1286 1022 1336 aliud

501 1362 593 1414 nisi
617 1363 680 1412 ob
706 1364 796 1413 hoc
820 1365 950 1430 quod
973 1365 1181 1430 populus

504 1458 601 1491 non
624 1442 750 1491 favet
773 1443 947 1492 horum
971 1444 1171 1494 actibus.

569 1520 816 1570 Timebant
841 1521 968 1571 enim
994 1538 1256 1587 pauperem

501 1598 831 1664 minoremque
856 1600 1156 1665 plebiculam,

503 1677 839 1741 quae'amabat
865 1677 1140 1742 pontificem

503 1761 705 1820 propter
728 1772 897 1821 pacem
922 1762 967 1804 et
993 1755 1226 1821 requiem.

569 1832 643 1882 Ad
668 1850 813 1899 quam
839 1850 1029 1899 semper
1054 1833 1286 1882 laboravit

504 1916 558 1960 ut
581 1911 760 1960 valeret
785 1911 982 1969 institui,

506 2005 593 2038 nec
618 1989 750 2038 illum
772 2006 1003 2053 umquam
1028 1989 1194 2038 dilexit

505 2067 588 2132 qui
613 2073 778 2117 contra
803 2085 971 2132 pacem
995 2068 1168 2117 extitit.

570 2150 773 2211 Propter
797 2146 927 2211 quod
955 2146 1134 2195 bonum
1158 2145 1370 2196 studium

503 2224 629 2273 hunc
653 2224 894 2290 presulem
918 2225 1166 2289 pacificum

505 2300 710 2368 majores
734 2318 976 2366 nonquam
1003 2302 1204 2368 diligunt

506 2379 616 2444 quia
640 2397 729 2445 pro
755 2380 875 2428 velle
901 2386 1143 2445 nequeunt

570 2457 696 2506 hunc
720 2463 769 2506 et
792 2457 923 2506 illum
948 2458 1178 2522 arripere,

504 2550 784 2600 comparare
807 2540 855 2583 et
878 2534 1108 2593 vendere,

503 2612 757 2662 comedere
780 2618 829 2662 et
853 2612 1019 2661 bibere

503 2695 552 2738 et
576 2690 769 2738 omnino
795 2706 1094 2740 consumere.

571 2769 670 2826 Qua
692 2767 752 2816 de
777 2785 918 2817 causa
943 2784 1067 2817 nunc
1092 2766 1296 2815 vindicta

505 2851 701 2909 paratur
725 2845 814 2894 sibi
836 2846 1043 2910 pessima

1587 347 1627 380 45
