2092 3490
802 354 1026 389 GALGHERI.
1589 362 1630 396 39

215 441 313 495 2⁴4
575 442 853 493 Galcherum
877 450 988 510 post
1011 462 1099 495 nec
1122 448 1306 497 monuit

509 521 762 572 auctoritas
783 527 836 572 ut
859 524 1077 589 precipit,

508 598 594 647 sed
619 598 740 649 sicut
764 600 834 649 ira
858 602 1073 669 suggerit

510 675 603 725 cito
629 679 1072 730 excommunicavit.

216 753 270 804 2⁴
284 754 314 800 5
576 753 614 802 Ο
638 756 852 803 Romana
876 757 1117 816 aecclesia,

510 847 540 879 o
565 830 704 880 sedes
729 833 1003 897 apostolica,

510 908 617 973 quis
641 926 850 974 unquam
875 911 1007 960 audit
1030 911 1140 961 talia

511 1002 633 1051 quae
658 985 767 1035 feeit
789 987 867 1036 hie
887 991 1125 1054 apostata!

215 1063 270 1114 21
283 1063 313 1110 6
574 1067 668 1112 Iste
692 1064 817 1112 enim
842 1081 934 1130 pro
958 1072 1156 1132 argento

510 1156 572 1190 ex
596 1140 747 1206 ipsius
766 1141 964 1191 arbitrio

509 1223 609 1267 tres
632 1219 793 1284 posuit
815 1220 1066 1287 episcopos

509 1295 558 1344 in
582 1313 680 1346 uno
705 1298 966 1364 episcopio.

215 1375 314 1426 2⁴7
577 1376 690 1425 Oret
713 1376 869 1425 omnis
894 1376 1090 1427 ecclesia

511 1469 697 1502 summa
721 1453 805 1503 Dei
823 1454 1005 1520 justitia

510 1536 565 1580 ut
587 1531 842 1581 ulciscatur
865 1533 1044 1582 seelera

511 1607 651 1675 hujus
673 1609 909 1659 turbantis
934 1611 1110 1660 omnia.

216 1686 314 1738 2⁴8
578 1686 833 1737 Galcherus
858 1687 919 1737 ad
941 1689 1062 1737 hanc
1086 1689 1326 1739 turbatam

514 1763 790 1830 regrediens
813 1765 1060 1815 eeclesiam

510 1841 690 1891 invenit
714 1842 803 1891 sibi
827 1847 1044 1908 paratam

512 1919 869 1984 processionem
891 1920 1120 1971 debitam.

217 1997 272 2049 21
285 1999 315 2046 9
577 1996 669 2047 Sed
695 1997 806 2062 quia
830 1997 963 2047 illurn
986 1999 1138 2048 tenuit

512 2074 651 2124 dolor
674 2075 1002 2124 inestimabilis

513 2169 566 2202 se
589 2152 848 2220 glorianter
871 2153 1019 2219 recipi

513 2230 636 2280 bene
660 2231 904 2281 consultus
929 2232 1095 2281 noluit.

219 2309 315 2360 220
578 2309 767 2359 Mandat
792 2326 959 2359 omnes
982 2310 1031 2359 in
1056 2311 1277 2369 crastin0‚

513 2386 679 2437 volens
702 2388 769 2437 uti
795 2388 1008 2447 consilio,

221 2519 295 2554 lere
308 2519 530 2555 sententiam
541 2531 552 2555 .·
562 2521 732 2566 primam
746 2521 883 2557 scilicet
900 2522 1109 2557 electionem
1122 2523 1259 2563 ratam,
1279 2521 1477 2556 secundam
1491 2530 1584 2562 vero,
1603 2521 1642 2555 id

220 2580 272 2614 est
296 2578 489 2622 Waleheri,
512 2580 668 2615 irritam
687 2590 758 2615 esse
776 2580 913 2616 debere.
941 2581 1055 2616 Porro
1081 2581 1292 2617 Walcherus
1310 2582 1396 2626 jam
1419 2580 1462 2615 de
1487 2580 1641 2615 concilio

221 2640 430 2682 recesserat,
453 2639 545 2684 quia
565 2649 630 2675 nos
649 2640 717 2685 qui
735 2649 820 2675 cum
840 2650 877 2675 eo
897 2641 1080 2682 ieramus,
1115 2640 1184 2675 hac
1204 2642 1237 2675 et
1256 2640 1346 2675 illac
1363 2640 1637 2681 auriculantes,

223 2698 295 2733 tale
313 2698 348 2733 ei
355 2697 549 2744 judicium
566 2698 645 2743 fore
660 2699 956 2744 predixeramus.
974 2700 1070 2735 Data
1084 2700 1279 2741 sententia,
1297 2699 1480 2734 Manasses
1499 2699 1542 2733 in
1561 2698 1642 2743 ipsa

221 2757 302 2793 sede
325 2757 508 2794 Waleheri
525 2761 568 2794 ut
586 2759 772 2805 episcopus
793 2759 1038 2795 substituitur
1045 2771 1057 2802 ‚·
1086 2759 1297 2796 Walcherus
1315 2759 1350 2793 si
1367 2768 1402 2793 se
1420 2758 1584 2803 deinceps
1599 2758 1642 2793 de

224 2817 432 2862 episcopatu
463 2818 708 2862 intermittat,
737 2820 1084 2855 excommunicatur
1110 2818 1260 2865 (Chron.
1291 2816 1330 2854 S.
1351 2815 1485 2860 Andr„
1514 2827 1553 2853 n.
1577 2815 1638 2862 19,

226 2885 263 2922 p.
285 2874 379 2922 544).
