2092 3490
670 333 809 368 GESTA
841 334 1098 368 BURGHARDI.
1121 336 1162 368 11.

400 423 474 474 vel
500 440 591 490 ego
616 424 816 483 morior,
846 441 941 473 non
967 425 1057 474 erit
1081 425 1249 491 aliquis

395 501 478 568 qui
502 507 636 552 curet
660 502 857 552 forsitan
881 503 1063 553 referre
1086 503 1254 554 litteris

396 596 518 645 quae
541 586 676 647 gesta
699 580 891 630 fuerunt
915 581 1212 648 temporibus
1238 583 1353 634 suis.

461 658 573 708 Ideo
598 659 773 719 refero,
804 660 888 709 sed
912 666 1069 709 tamen
1095 661 1297 726 pavidus

397 735 654 802 plasmatus
677 738 919 803 quomodo
944 739 1088 788 fuerit
1109 740 1379 806 episcopus,

396 813 568 879 quibus
594 815 810 881 ingeniis,
841 817 1012 881 quibus
1039 817 1297 875 laboribus,

396 897 623 956 operante
648 898 806 942 tamen
832 897 929 943 Deo
954 894 1001 943 in
1026 896 1265 945 omnibus.

411 1010 421 1023 ,
459 970 677 1020 Divinum
702 971 846 1037 igitur
870 989 1044 1037 precor
1068 974 1294 1023 auxilium

393 1050 634 1113 sanctique.
661 1049 863 1114 Spiritus
889 1056 1106 1100 sanctum
1131 1052 1380 1102 consilium

395 1131 446 1174 ut
469 1126 650 1191 possim
675 1144 764 1192 per
786 1145 955 1177 verum
982 1129 1049 1178 ire
1076 1130 1328 1196 vestigium

393 1220 420 1251 a
444 1203 593 1253 verbo
617 1204 766 1270 priori
792 1223 941 1271 usque
965 1207 1026 1256 ad
1051 1207 1286 1258 ultimum.

1567 340 1621 374 143

236 1373 389 1428 Quod
419 1375 575 1421 cives
608 1378 937 1424 Galcherum
969 1391 1238 1425 revocare
1269 1382 1577 1426 voluerunt.

263 1514 291 1558 8

228 2138 288 2184 ⁴0

227 2449 277 2494 Μ

457 1514 653 1572 Quando
678 1515 926 1566 defunctus
951 1523 1026 1567 est
1050 1518 1151 1567 Odo
1177 1518 1448 1585 episcopus,

391 1589 561 1640 doctor
584 1593 864 1659 magnificus
889 1594 949 1644 de
973 1601 1157 1661 septem
1182 1597 1408 1657 artibus¹,

391 1670 800 1720 Cameracensium
824 1673 1045 1723 convenit
1070 1675 1276 1740 populus

391 1753 444 1795 ut
469 1748 628 1812 presul
655 1756 764 1814 post
789 1768 897 1800 eum
925 1757 1128 1817 ponatur
1152 1753 1287 1802 alius.

457 1825 737 1876 Galcherum
761 1829 841 1893 qui
867 1835 973 1878 ante
1000 1847 1110 1879 eum
1134 1832 1508 1896 pontificaverat,

391 1919 535 1966 quem
558 1921 682 1970 papa
706 1906 922 1956 Urbanus
942 1907 1042 1973 jam
1067 1908 1371 1974 deposuerat,

391 1981 473 2044 qui
496 1981 627 2030 illum
650 1982 862 2033 Odonem
887 1990 1000 2034 tunc
1025 1986 1370 2051 supervixerat,

390 2075 610 2109 assensus
632 2061 844 2111 omnium
870 2063 917 2111 in
940 2069 1128 2128 patrem
1152 2071 1361 2113 revocat.

455 2137 703 2188 Reducunt
728 2140 906 2205 pariter
930 2142 1021 2190 hoc
1047 2142 1106 2191 ad
1132 2143 1411 2191 memoriam

389 2215 519 2280 quod
545 2215 696 2266 donec
720 2218 872 2267 tenuit
896 2219 1034 2268 istam
1060 2220 1354 2285 provinciam

389 2299 567 2342 terram
592 2295 791 2345 viriliter
816 2297 941 2346 rexit.
966 2304 1013 2346 et
1039 2299 1258 2364 patriam,

389 2377 654 2421 castrorum
679 2374 893 2423 omnium
917 2375 1140 2442 frangens
1165 2376 1454 2442 superbiam.

453 2449 656 2499 Henrico
681 2451 762 2516 qui
788 2452 866 2501 illo
892 2454 1122 2520 regnabat
1146 2461 1363 2520 tempore

387 2527 720 2588 archidiaconi,
749 2531 910 2590 casati,
939 2531 1122 2582 litterae
1189 2558 1193 2562 ·

387 2605 532 2654 totius
556 2608 904 2658 Cameracensis
930 2610 1180 2660 aecclesiae
1343 2663 1346 2666 Δ

388 2683 698 2734 Gualcherum
724 2694 967 2751 pastorem
992 2689 1171 2739 vadunt
1195 2694 1428 2754 repetere.

239 2853 270 2890 1.
300 2853 432 2904 Comp.
455 2856 541 2903 plus
563 2856 657 2894 haut
676 2858 768 2895 Ges-t.
792 2860 972 2902 Galcherv',
998 2865 1063 2897 str.
1089 2860 1146 2897 91.
