2092 3490
465 339 504 372 46

463 578 558 629 264

458 889 552 938 265

454 1197 549 1247 266

451 1504 544 1553 267

447 1810 542 1859 268

444 2117 539 2166 269

442 2424 536 2472 270

437 2731 521 2780 274

1099 336 1232 369 GESTA

755 424 995 472 occasione
1021 423 1108 472 sub
1131 419 1207 472 illa

753 500 881 564 quod
906 516 1014 549 eum
1039 498 1412 548 excommunicat

818 583 863 626 et
890 577 1027 626 sedes
1051 576 1310 642 apostolica·

752 660 799 703 et
823 654 1064 704 Remensis
1089 653 1313 703 aecclesia

749 738 796 780 et
820 732 927 781 inde
953 732 1126 780 habent
1149 731 1354 779 maxima

749 809 1025 858 clericorum
1049 808 1235 858 auxilia.

814 891 931 936 Nam
954 893 1207 952 postquam
1231 885 1382 934 sciunt
1403 884 1556 933 clerici

747 964 875 1028 quod
900 964 1087 1012 insimul
1110 968 1220 1012 sunt
1243 962 1408 1012 conexi

746 1041 1032 1106 potentiores
1055 1040 1158 1089 laici

744 1118 804 1167 ad
829 1118 1034 1167 dedecus
1058 1118 1283 1183 episcopi,

810 1212 975 1244 omnes
998 1195 1096 1245 fere
1120 1211 1208 1259 per
1233 1194 1430 1243 similem

745 1278 1086 1322 connectuntur
1108 1272 1363 1336 nequitiam

743 1350 803 1398 ad
827 1350 1062 1415 pontificis
1087 1349 1297 1415 ejusdem

742 1426 1206 1475 exhereditationem.

806 1505 920 1551 Nam
946 1503 1021 1550 die
1046 1503 1251 1566 quadam
1275 1500 1442 1550 accidit

740 1579 868 1643 quod
893 1579 1182 1643 archipresul
1206 1577 1450 1627 Remensis

739 1655 836 1704 suis
860 1655 1100 1704 mandavit
1123 1654 1290 1703 litteris

739 1738 790 1781 ut
814 1739 1051 1781 cessarent
1074 1751 1101 1780 a
1126 1732 1312 1790 divinis,

804 1809 891 1857 nisi
916 1809 1181 1875 predictum
1205 1812 1463 1858 Manassem

737 1886 1005 1951 reciperent
1030 1887 1077 1934 in
1103 1886 1340 1951 presulem

736 1970 783 2012 et
808 1964 897 2012 nisi
923 1964 1090 2012 darent
1116 1963 1325 2012 debitam

734 2040 777 2088 ei
802 2040 1132 2089 obedientiam.

801 2119 924 2175 Quas
948 2123 1276 2181 presumentes
1302 2132 1488 2166 sumere

734 2193 832 2241 sine
859 2193 1083 2243 Galchero
1108 2193 1312 2258 presule,

735 2275 1125 2334 presumpserunt
1149 2275 1197 2318 et
1220 2270 1431 2334 linquere

733 2347 978 2395 servitium
1000 2346 1267 2395 aecclesiae.

798 2425 898 2481 Quo
923 2423 1081 2471 audito
1106 2423 1354 2487 episcopus

731 2499 928 2547 miratur
949 2499 1008 2547 de
1031 2499 1103 2547 his
1129 2499 1327 2555 actibus,

731 2592 781 2624 se
806 2581 965 2623 tamen
989 2576 1128 2623 offert
1152 2576 1371 2624 omnibus

728 2653 993 2716 positurum
1018 2652 1077 2700 de
1101 2653 1272 2701 talibus

793 2729 840 2776 in
866 2745 1030 2777 eorum
1055 2729 1258 2777 consiliis

728 2805 846 2853 sicut
872 2806 917 2852 in
944 2806 1041 2853 suis
1066 2806 1244 2854 clericis
